3114 4958
588 389 631 438 nn
654 390 741 439 runo
763 389 919 446 roetico.
1238 369 1283 438 25
1370 451 1380 472 ·

225 514 316 594 erat,
334 511 465 599 quippe
485 512 577 600 quod
601 511 890 599 pretiosissimum
907 511 1096 579 videretur.
1117 513 1283 580 Nonnulli

223 647 267 695 ex
281 627 399 712 primis
417 628 689 714 imperatoribus
701 629 736 694 id
748 628 854 714 paulo
867 627 1017 709 facilius
1031 646 1137 713 parce
1151 630 1280 710 tamen,

221 741 433 826 tribuerunt,
451 743 715 829 indignantibus
731 742 774 810 iis
792 743 850 829 qui
867 762 910 809 ex
928 743 1101 810 veteribus
1118 743 1282 828 gentibus

221 859 291 925 orti
305 869 406 926 erant
420 863 425 904 ¹
440 880 448 938 ;
468 861 526 926 sed
541 859 737 946 praesertim
753 858 813 946 jus
835 857 924 925 Latii
942 857 1067 944 largiri
1085 859 1279 926 solebant

220 977 381 1042 Exeunte
406 984 523 1042 autem
551 975 663 1041 altero
687 980 767 1061 post
791 973 963 1041 Christum
991 978 1110 1041 natum
1136 975 1278 1057 saeeulo,

218 1093 282 1156 aut
310 1089 503 1177 incipiente
528 1089 643 1170 tertio,
669 1094 799 1176 praeter
823 1091 967 1156 libertos
990 1090 1048 1175 qui
1073 1109 1116 1158 ex
1143 1089 1281 1176 legibus

216 1204 315 1272 AElia
336 1203 456 1272 Sentia
479 1213 513 1273 et
534 1204 638 1272 Junia
657 1207 826 1273 Norbana
847 1208 908 1272 aut
924 1205 1039 1272 Latini
1057 1205 1197 1273 Juniani
1219 1210 1280 1275 aut

218 1319 370 1388 dedititii
381 1322 523 1396 fiebant,
534 1339 654 1388 omnes
666 1321 779 1402 liberi,
791 1321 841 1388 ait
851 1321 1033 1411 Ulpianus
1048 1322 1109 1388 «in
1122 1323 1206 1390 orbe
1220 1341 1280 1390 ro-

217 1455 324 1503 mano
344 1435 532 1523 quierant,
552 1455 595 1503 ex
610 1436 856 1504 constitutione
870 1437 1094 1524 imperatoris
1111 1437 1278 1534 Antonini

215 1550 311 1618 cives
331 1550 468 1618 romani
495 1551 609 1617 effecti
633 1553 735 1617 sunt³
757 1575 789 1618 ».
814 1550 899 1628 Quis
920 1553 1026 1618 suerit
1045 1553 1102 1620 hic
1125 1551 1276 1620 Antoni-

216 1686 297 1749 nus,
322 1667 561 1751 ambiguuml,
584 1686 783 1753 quanquam
815 1667 918 1735 bodie
941 1687 1066 1755 parum
1095 1668 1276 1736 dubitatur

215 1785 260 1851 ab
280 1782 428 1875 Ulpiano
446 1783 657 1850 Antoninum
677 1784 909 1863 Caracallam,
930 1784 1049 1853 Severi
1068 1785 1190 1863 filium,
1210 1785 1275 1853 de-

214 1898 417 1983 signatum3
442 1899 532 1982 quod
555 1898 670 1966 etllio
694 1899 882 1967 affirmati.
909 1902 954 1967 At
976 1921 1054 1968 cum
1077 1901 1274 1969 mirandum

215 2014 395 2081 videretur
428 2013 617 2100 pessimum
650 2015 844 2102 principem
872 2020 944 2082 tam
978 2015 1159 2084 liberalem
1186 2036 1275 2100 erga

211 2129 449 2217 provinciales
484 2129 611 2214 fuisse,
651 2131 840 2218 scriptores
879 2132 1102 2200 crediderunt
1136 2131 1196 2198 alii
1230 2134 1270 2199 D.

210 2246 312 2313 Pium
322 2247 349 2328 ⁶,
376 2243 438 2312 alii
460 2247 500 2312 D.
528 2247 803 2330 Marcu1n⁷,alii
830 2247 936 2315 etiarn
962 2225 1177 2317 Hadrianum
1205 2250 1273 2317 hoc

211 2362 352 2429 nomine
378 2362 594 2448 appellatum
619 2364 732 2430 essess.
755 2363 963 2450 Spartianus
988 2363 1080 2453 ipse,
1111 2365 1272 2452 quamvis

147 2769 152 2780 ι
247 2705 272 2762 1.
294 2709 335 2762 De
349 2705 429 2762 Julio
450 2704 537 2761 Floro
557 2705 589 2762 et
607 2705 685 2762 lulio
705 2707 866 2763 Sacrouiro
882 2707 1004 2764 Tacitus
1023 2707 1151 2764 scribit:
1172 2723 1188 2763 <<
1207 2710 1267 2765 Νο-

207 2790 322 2847 bilitas
331 2791 488 2859 ambobus,
499 2791 530 2846 et
544 2785 696 2862 majorum
707 2792 788 2848 bona
801 2793 894 2864 lacta,
910 2807 1006 2862 eoque
1016 2808 1144 2850 romena
1153 2794 1268 2850 civitas

207 2874 281 2931 olim
297 2876 372 2932 data
387 2890 454 2931 cum
470 2875 501 2931 id
514 2889 618 2950 rarum
633 2891 688 2932 nec
701 2877 761 2933 nisi
778 2877 888 2934 virtuti
900 2878 1035 2948 pretium
1050 2879 1142 2935 esset.
1156 2896 1172 2933 >›
1184 2881 1267 2934 Aen.

204 2958 309 3030 111,l10.
327 2961 370 3017 Gt.
387 2962 469 3018 Suet.
487 2962 547 3016 Oct.
563 2959 607 3018 17.

243 3043 270 3102 2.
292 3048 360 3103 Tae.
378 3049 458 3102 Ano.
474 3060 524 3112 xv,
540 3045 589 3112 323
603 3047 683 3102 Hist.
700 3060 745 3118 ιιι,
760 3045 811 3118 55;
828 3047 905 3104 Plin.
920 3049 959 3103 Η.
974 3049 1046 3103 Not.
1062 3060 1108 3118 111,
1123 3047 1149 3104 3.

241 3134 267 3190 3.
291 3137 320 3190 L.
338 3135 379 3198 17,
395 3138 439 3203 b„
455 3139 493 3191 de
507 3138 594 3192 Statu
608 3137 782 3199 bominum,
800 3136 823 3206 l,
839 3134 865 3192 5.

242 3217 268 3276 l.
289 3224 313 3276 A
326 3219 432 3277 multis
447 3221 687 3292 imperatoribus
700 3221 756 3276 hoc
771 3237 879 3277 nomen
892 3225 964 3293 post
979 3222 1011 3276 D.
1026 3220 1112 3276 Pium
1126 3233 1263 3291 assump-

206 3305 272 3362 tum
295 3306 371 3362 est:
394 3307 501 3361 Marco·
521 3306 654 3373 Aurelio,
677 3307 709 3360 L.
729 3307 807 3362 Vero
832 3305 877 3374 m,
899 3305 1071 3373 Commodo,
1094 3305 1263 3373 Caracalla,

206 3390 292 3458 Geta,
309 3389 504 3451 Diadumeno,
524 3389 700 3460 Elagabalo,
720 3391 853 3461 tyranno
875 3390 1005 3461 quodam
1024 3389 1190 3445 Alexandri
1211 3390 1261 3444 Se-

205 3475 271 3529 veri
286 3476 425 3545 tempore
441 3475 573 3546 (Pauly's
589 3475 853 3546 mememorato
868 3477 1059 3542 Antoninus).
1076 3474 1191 3531 Aurelii
1208 3487 1262 3552 no-

204 3573 274 3616 men
290 3561 529 3632 assumpserunt,
539 3561 729 3630 commodus,
746 3561 913 3628 caracalla,
929 3560 1124 3630 Elagabalus,
1136 3560 1264 3615 Alexan·

204 3643 268 3711 der,
282 3645 437 3712 Claudius
453 3647 558 3714 Carus,
574 3647 711 3713 carinus,
724 3647 937 3713 Numerianus
951 3646 1169 3702 Diocletianus,

238 3727 264 3785 5.
286 3743 390 3792 ιιινι,
411 3728 438 3784 9.
460 3761 489 3770 -
514 3731 662 3802 Ulpianus
676 3734 792 3787 Divum
812 3733 998 3788 Antoninum
1022 3730 1213 3803 scripsisset,
1237 3728 1262 3785 si

204 3815 359 3870 mortuum
374 3815 592 3886 imperatorem
609 3816 823 3884 significasset.

238 3897 266 3954 6.
287 3899 453 3955 iustiniani
469 3901 733 3963 Nooett.,nxxv1u,
748 3899 775 3956 5.

238 3985 265 4040 7.
289 3985 392 4066 Aurel:
402 3985 480 4042 Vict.
496 3987 579 4054 Eptt.
596 3985 627 4040 in
642 3987 787 4042 Marcum.
800 3986 844 4042 Cl.
860 3987 990 4042 Mahner
1005 3989 1039 4052 (J.
1052 3989 1085 4053 Ρ)
1100 3987 1261 4043 Commen-

207 4071 282 4126 tatto
306 4071 345 4125 de
369 4072 474 4127 Marco
492 4072 622 4128 Aurelio
644 4073 800 4128 Antonino
821 4073 1053 4128 constitutionis
1074 4076 1113 4128 cte
1135 4073 1263 4128 civitate

206 4155 353 4231 unliverso
362 4156 433 4211 orbi
445 4169 578 4212 romano
591 4159 667 4212 date
676 4159 836 4212 auctore...
851 4151 957 4222 Halae,
976 4156 1052 4213 1772.

238 4236 265 4293 8.
284 4239 393 4297 Joann.
409 4240 565 4312 chrysost.
581 4242 630 4297 Ad
641 4242 720 4298 Acta
733 4243 837 4312 Apoct.
854 4239 899 4298 re.
