3114 4958
272 347 318 417 24
691 368 777 416 anus
802 370 917 417 rama.

278 490 323 558 ad
331 489 521 578 juridicum
536 490 736 578 quemdam,
755 492 965 560 familiarem
981 513 1094 576 suum,
1108 492 1152 562 de
1168 491 1244 580 ejus
1254 511 1342 577 pro

275 608 403 675 vincto
422 607 591 674 scriberet
604 610 626 673 ¹.
640 609 711 675 Nec
725 609 834 676 multo
851 615 931 695 post
943 612 1089 676 mortem
1101 608 1268 676 Antonini
1283 608 1342 675 Pii

277 741 338 790 eos
353 722 505 810 primum
518 723 646 790 electos
662 723 769 791 fuisse
779 723 1045 805 verisimileest;
1061 725 1098 791 in
1110 724 1340 811 inscriptione

277 840 433 926 quadam
451 840 488 906 C.
511 840 671 908 Cornelio
690 839 797 907 Felici
815 841 955 908 l'brello
972 839 1121 907 Arimini
1141 839 1236 907 cives
1252 859 1341 924 gra-

276 955 346 1025 tias
363 962 475 1041 agunt
493 980 509 1016 «
525 956 570 1022 ob
587 955 752 1023 eximiam
767 957 1041 1025 moderationem
1056 955 1138 1024 etin
1152 956 1341 1024 sterilitate

279 1090 429 1141 annonae
446 1071 661 1138 laboriosam
682 1091 772 1156 erga
790 1072 886 1159 ipsos
901 1073 1004 1140 fidem
1022 1078 1057 1140 et
1075 1071 1282 1140 industriam
1301 1077 1341 1139 ut

276 1193 312 1257 11
329 1187 463 1256 civibus
480 1206 621 1255 annona
641 1192 841 1275 superesset
855 1191 892 1256 et
905 1187 1029 1256 vicinis
1046 1187 1247 1255 civitatibus
1262 1189 1341 1256 sub-

274 1304 486 1372 veniretur2.
505 1327 522 1365 a
542 1303 648 1389 Atqui
665 1303 787 1390 primis
805 1303 914 1370 Marci
928 1303 1092 1372 Antonini
1109 1303 1338 1390 principatus

274 1418 492 1506 temporibus
517 1419 569 1486 rei
589 1418 829 1487 frumentariae
846 1425 1039 1504 egestatem
1059 1419 1165 1487 luisse
1188 1439 1210 1486 a
1232 1419 1340 1507 Capi-

276 1537 388 1605 tolino
408 1536 575 1604 traditum
593 1541 647 1604 est
656 1539 681 1620 ³,
701 1556 812 1622 neque
828 1537 900 1605 ulla
916 1545 1040 1624 postea
1056 1538 1281 1604 memoratur.
1299 1539 1340 1603 ln

278 1671 321 1720 ea
349 1671 388 1720 re
417 1655 555 1720 Marcus
590 1652 708 1739 potius
738 1651 909 1719 Hadriani
939 1652 1081 1720 decreta
1114 1656 1253 1719 secutus
1285 1655 1341 1718 est

275 1787 381 1854 quam
405 1767 461 1834 Pii
483 1769 560 1855 qui,
581 1787 783 1855 quanquam
808 1787 896 1852 erga
919 1767 1121 1855 provincias
1145 1767 1337 1853 benignuS,

274 1883 415 1952 ltaliam
440 1904 580 1973 semper
604 1885 763 1953 coluerat
785 1890 819 1952 et
843 1883 875 1970 ei
896 1885 1003 1951 multo
1029 1883 1144 1968 magis
1162 1883 1336 1951 11111111.

277 2037 319 2052 -
343 2005 479 2068 Forsan
497 1999 698 2068 Italicarum
719 1999 901 2067 civitatum
923 1998 1056 2067 utilitas
1074 1999 1232 2082 allegata
1248 2003 1301 2065 est
1311 1999 1337 2081 ⁵,

278 2115 340 2184 sed
368 2116 510 2184 illarum
540 2115 773 2184 conditionem
797 2115 834 2182 in
856 2114 959 2203 pejus
985 2114 1036 2182 sic
1061 2117 1234 2182 mutatam
1260 2131 1340 2182 cre-

277 2233 402 2301 dimus.

319 2350 495 2426 Quantum
512 2350 631 2416 autem
645 2347 682 2415 in
699 2347 859 2436 principe
875 2350 965 2429 erat,
982 2346 1245 2434 provinciarum
1261 2364 1341 2414 con·

275 2463 362 2532 ditio
389 2462 513 2531 melior
536 2464 631 2532 facta
650 2468 714 2532 est.
735 2467 761 2531 Ε
780 2465 889 2551 stirpe
912 2463 1122 2552 provinciali
1141 2462 1280 2550 quidem
1301 2482 1340 2530 se

274 2579 391 2667 ipsum
417 2586 531 2648 ortum
561 2599 739 2667 nunquam
765 2580 1037 2648 obliviscebatur
1050 2581 1076 2647 ⁶.
1102 2615 1144 2630 -
1168 2579 1258 2648 Olim
1278 2579 1340 2667 jus

274 2694 434 2765 civitatis
464 2687 621 2765 romanae
652 2697 916 2784 provinciarum
951 2695 1075 2765 incolis
1102 2715 1185 2764 raro
1217 2697 1339 2765 datum

312 2943 337 3000 1.
357 2945 467 3014 epira,
484 2945 518 3014 ll,
536 2943 579 3001 11.

311 3027 339 3085 2.
361 3029 464 3094 Orelli,
480 3028 560 3085 3177.

312 3114 340 3171 3.
360 3115 402 3170 Μ.
416 3118 485 3171 Ant.
501 3116 596 3184 Puta,
611 3112 654 3169 lb.

283 3211 286 3215 ·
313 3197 339 3256 d.
359 3215 376 3254 c<
395 3202 510 3255 Aurum
525 3199 718 3255 coronarium
733 3198 813 3270 quod
825 3199 1000 3271 adoptionis
1015 3213 1078 3256 snae
1094 3215 1188 3258 causa
1201 3199 1340 3257 oblatum

277 3285 394 3353 fuerat,
417 3283 532 3340 ltalioi's
553 3285 663 3354 totum,
680 3283 814 3340 madium
834 3283 1077 3356 provincialibus
1092 3284 1236 3341 reddidit.
1252 3301 1269 3339 »
1284 3285 1340 3344 ca·

277 3367 365 3441 pitol.
381 3369 412 3423 in
427 3369 583 3438 Antonin„
599 3367 625 3424 1.

313 3452 340 3509 5.
361 3455 434 3509 Eam
461 3453 637 3509 etiamnunc
661 3449 776 3522 allegat
803 3455 918 3524 Duruy‚
943 3455 1025 3509 Hist.
1052 3455 1107 3509 dea
1136 3455 1294 3522 Romaim,
1319 3467 1341 3508 v

281 3538 389 3606 (Paris,
412 3535 502 3606 18761,
525 3552 557 3609 p.
575 3535 647 3592 tlt:
666 3554 681 3592 «
699 3539 754 3594 Les
776 3539 916 3594 Jurz'dict
937 3537 974 3593 dc
995 3540 1079 3594 Marc
1102 3539 1211 3594 Aurela
1235 3538 1343 3596 serunt

272 3623 333 3680 ‚des
353 3624 446 3693 juges
468 3623 538 3692 plus
564 3622 738 3692 equitantes
766 3637 824 3693 que
847 3623 982 3679 certains
1005 3623 1187 3690 magistrats
1210 3623 1339 3679 munici-

280 3721 377 3778 paux.
394 3707 507 3770 »Quod
529 3721 611 3779 saepe
632 3708 773 3764 evenisse
789 3707 957 3763 verisimile
976 3708 1040 3779 est3
1057 3706 1110 3762 sed
1126 3722 1194 3763 cum
1214 3707 1339 3763 munici-

280 3794 366 3865 pales
387 3793 591 3862 magistratus
613 3794 709 3864 iniqui
730 3793 846 3864 assant'
860 3809 922 3850 una
943 3793 1055 3850 civitas
1075 3793 1252 3864 laborabat3
1273 3807 1342 3848 cum

277 3877 415 3949 juridici,
431 3880 499 3934 tota
513 3879 685 3950 provincia.
702 3880 842 3936 Ceterum
857 3879 937 3936 idem
953 3878 1061 3934 auctor
1073 3878 1165 3952 paulo
1179 3879 1252 3951 post
1266 3878 1341 3934 scri·

282 3963 328 4021 bit
344 3982 351 4020 :
366 3979 383 4018 c<
398 3965 454 4020 Les
465 3977 676 4034 gouverneurs
692 3965 729 4021 dc
741 3966 897 4037 province,
909 3964 970 4033 qui,
984 3963 1003 4020 b
1017 3962 1177 4036 l’exemplc
1192 3963 1340 4030 desjurt·

282 4051 360 4116 dici,
371 4048 536 4105 vaillaront
550 4048 588 4105 da
601 4049 672 4121 plus
684 4050 756 4124 pres
771 4065 810 4108 au
825 4050 885 4107 bon
900 4049 991 4106 ordre
1004 4049 1058 4106 des
1073 4049 1158 4118 citas,
1175 4047 1343 4107 11111111-

282 4132 354 4192 rent
364 4133 396 4192 la
408 4132 470 4190 vie.
482 4149 500 4188 >a

318 4216 345 4276 6.
369 4216 420 4282 ’Etr
433 4212 527 4282 botta,
539 4223 582 4290 VI,
596 4216 641 4276 11.
