3128 4962
298 397 340 464 60
714 416 800 464 runs
822 418 938 465 rurore.

297 540 470 608 naturalis
486 539 576 609 ratio
594 538 685 607 inter
697 558 817 607 omnes
831 540 989 607 homines
1000 540 1192 623 constituit,
1207 541 1257 610 ait
1272 545 1291 609 J
1294 563 1356 610 us-

297 657 467 739 timenus,
487 658 522 724 id
538 658 631 744 apud
650 676 769 725 omnes
788 659 937 744 populos
953 677 1117 744 peraeque
1138 659 1352 742 custoditur,

298 778 512 860 vocaturque
524 774 583 861 jus
599 774 769 860 gentium,
789 773 971 860 quasique
986 773 1067 861 jure
1086 794 1206 842 omnes
1228 781 1354 862 gentes

288 894 452 980 utuntur.
471 915 488 953 »
507 893 606 959 Nune
621 892 706 958 illud
723 891 778 974 ius
793 891 949 976 gentium
969 890 1096 958 dicitur
1112 911 1180 978 quo
1201 892 1239 958 in
1258 894 1353 961 bello

298 1011 332 1075 et
352 1025 439 1094 pace
462 1006 553 1072 inter
576 1007 725 1093 populos
745 1007 1076 1074 communicationes
1101 1008 1351 1088 moderantum

298 1142 390 1190 nova
406 1123 544 1209 quidem
560 1123 764 1210 appellatio,
784 1142 839 1190 res
864 1127 981 1189 autem
1002 1123 1147 1208 antiqua
1166 1143 1174 1187 :
1193 1127 1354 1210 tempore

298 1239 405 1306 Marci
423 1239 555 1307 Aurelii
571 1240 677 1308 Gaius
689 1239 960 1326 jurisconsultus
976 1239 1110 1306 foedera
1125 1239 1216 1306 inter
1228 1243 1354 1324 gentes

298 1357 497 1421 contractus
520 1374 596 1422 esse
615 1357 773 1435 notabat,
800 1354 959 1441 quamvis
983 1373 1051 1421 non
1073 1373 1117 1421 ex
1138 1354 1276 1424 actione
1297 1355 1354 1423 ci-

298 1471 371 1550 vili,
397 1472 426 1538 si
450 1471 582 1540 violata
605 1476 732 1551 essent,
755 1471 814 1557 agi
836 1474 965 1557 posset,
990 1473 1049 1538 sed
1073 1471 1355 1540 viscontrover-

298 1587 387 1653 siam
403 1586 614 1672 disceptaret
625 1589 648 1653 ¹.
667 1589 683 1652 J
689 1606 727 1653 us
744 1586 863 1653 fetiale
880 1586 973 1654 urbis
990 1586 1162 1673 principio
1179 1588 1354 1656 constitu-

298 1705 463 1770 tumeret
482 1705 525 1768 ab
543 1702 603 1769 illo
621 1705 734 1770 Numa
751 1701 810 1788 qui
827 1702 933 1769 Marci
955 1706 1081 1770 atavus
1100 1703 1294 1784 dicebatur,
1316 1706 1354 1772 et

298 1819 433 1886 fetiales
449 1818 555 1884 etiam
574 1820 637 1885 sub
653 1817 836 1884 Antoninis
854 1816 1030 1884 exstitisse
1046 1821 1194 1886 constat.
1213 1823 1353 1887 Marcus

296 1934 458 2002 nimirum
483 1954 519 2001 se
544 1934 639 2002 orbis
667 1933 778 2000 civem
803 1935 997 2020 protessus,
1028 1954 1164 2002 summa
1188 1937 1354 2003 modera-

297 2048 392 2116 tione
413 2069 490 2116 cum
510 2048 671 2116 barbaris
695 2049 779 2134 egit.
810 2075 825 2110 «
848 2049 1061 2134 AEquitatem
1085 2049 1205 2130 etiam,
1229 2049 1353 2117 scribit

298 2165 532 2251 Capitolinus,
556 2165 650 2232 circa
674 2170 796 2251 captos
826 2167 944 2231 hostes
971 2165 1170 2233 custodivit.
1195 2165 1353 2234 infinitos

296 2281 520 2366 exgentibus
543 2281 579 2347 in
601 2299 747 2348 romano
771 2282 845 2348 solo
870 2281 1058 2349 collocavit
1068 2284 1094 2348 ².
1114 2307 1129 2344 »
1158 2284 1201 2349 Et
1220 2285 1351 2350 Eutro-

295 2395 373 2484 pius
393 2418 400 2462 :
423 2399 492 2463 «In
511 2415 549 2463 re
565 2396 708 2463 militari
726 2399 905 2464 moderata
924 2397 1052 2483 gloria,
1070 2397 1255 2466 defendere
1271 2406 1351 2466 ma-

259 2491 264 2498 ’
295 2513 350 2598 gis
372 2512 572 2600 provincias
597 2532 703 2598 quam
734 2512 949 2599 amplificare
975 2515 1180 2581 studens3...
1208 2514 1352 2600 regibus

295 2629 415 2696 amicis
433 2628 644 2695 venerabilis
664 2647 732 2696 nou
751 2628 864 2695 minus
880 2649 985 2715 quam
1003 2629 1188 2710 terribilis,
1207 2631 1294 2697 adeo
1315 2635 1352 2698 ut

294 2747 525 2812 barbarorum
541 2744 702 2830 plurimae
716 2745 888 2822 nationes
899 2745 1066 2830 depositis
1080 2746 1200 2825 armis,
1212 2748 1256 2812 ad
1271 2766 1350 2814 eum

294 2860 551 2949 controversias
578 2879 660 2927 suas
693 2859 838 2945 litesque
869 2860 1064 2942 deferrent,
1098 2862 1350 2948 sententiaeque

294 2976 369 3063 ejus
392 2976 578 3063 parerentl
604 3001 619 3038 »
644 3013 685 3026 —
708 2977 818 3042 Semel
846 2977 891 3043 ab
914 2977 976 3043 illa
999 2978 1264 3044 mausuetudine
1287 2997 1349 3047 re-

294 3093 397 3161 cessit
413 3112 490 3159 cum
510 3092 635 3178 capitis
653 3093 812 3177 germani
830 3091 1010 3179 eujusdam
1029 3093 1125 3160 ducis
1146 3094 1295 3179 pretium
1312 3113 1350 3162 se

293 3211 456 3276 daturum
473 3209 656 3295 proposuit
678 3230 686 3274 :
711 3208 907 3277 addendum
927 3213 1045 3276 tamen
1061 3209 1235 3296 duplicem
1252 3229 1349 3277 mer-

293 3325 411 3392 cedem
430 3324 458 3391 si
478 3325 537 3391 ille
553 3324 655 3390 vivus
672 3326 857 3411 caperetur
874 3344 951 3392 eum
970 3325 1185 3412 promisisse.
1347 3324 1351 3334 ’

337 3443 449 3508 Tanta
468 3440 543 3527 ejus
560 3440 655 3508 fama
672 3440 737 3508 fuit
758 3443 796 3507 ut
814 3459 858 3508 ex
875 3440 974 3508 India
992 3441 1071 3528 ipsa
1089 3442 1228 3528 legatos
1243 3461 1347 3509 acce-

294 3556 387 3645 perit
397 3558 422 3623 ⁵.

331 3766 354 3822 l.
378 3767 543 3823 Commeat.
553 3767 601 3835 lli,
618 3766 631 3831 S
646 3764 689 3821 ul.

327 3850 354 3906 2.
374 3853 415 3905 M.
431 3855 499 3906 Aut.
514 3853 597 3906 Phil.
621 3850 664 3906 tl.
689 3851 796 3906 Deliis
816 3850 1017 3906 barbarorum
1038 3851 1165 3908 coloniis
1188 3867 1261 3908 mox
1280 3867 1346 3908 am-

292 3935 375 4007 plius
389 3936 535 4004 dicemus,
551 3949 618 3990 cum
629 3935 693 4005 Juri
709 3950 910 4007 personarum
925 3935 1127 3992 studebimus.

326 4021 352 4078 3.
374 4020 458 4098 Quod
479 4021 517 4076 ab
542 4021 695 4076 Hadriano
718 4027 749 4075 et
774 4021 840 4076 Tito
865 4020 1014 4076 Antonino
1037 4020 1236 4076 observatum
1261 4018 1344 4094 erat;

293 4107 442 4178 Trajanus
457 4107 564 4161 contra
579 4106 680 4161 fuerat
694 4105 866 4161 bellicosus.

329 4191 354 4248 l.
375 4196 464 4248 Brea.
481 4190 592 4260 V111‚8.

328 4275 354 4334 5.
374 4276 588 4347 Friedlaender‚
601 4291 649 4345 op.
666 4277 727 4347 cit,
742 4276 776 4347 ll,
792 4274 853 4332 370.
