3114 4958
192 431 202 452 ο
273 338 319 409 26
693 361 776 408 runs
799 362 915 409 rnroa.

275 480 408 548 nullum
429 481 810 570 principemnominet,
833 486 923 552 banc
940 484 1224 554 constitutionem
1249 491 1333 556 ante

276 596 495 664 Caracallum
519 598 627 666 latam
650 618 727 667 esse
749 600 941 667 credebat:
962 600 1147 687 «MaJ'ores
1169 601 1333 682 [Severi],

273 710 409 799 inquit,
438 713 572 799 equites
597 715 733 782 romani
761 721 842 783 ante
869 716 1047 784 civitatem
1078 717 1239 784 omnibus
1267 718 1336 785 da-

272 830 378 896 taml.
396 853 413 892 ›>
434 865 477 878 -
491 830 699 918 Quanquam
715 850 827 926 neque
844 832 1036 899 Antoninus
1055 851 1167 919 neque
1185 835 1228 898 M.
1256 836 1335 900 Au-

272 943 380 1011 relius
397 945 609 1030 generaliter
631 947 852 1015 constituisse
872 947 1035 1015 videntur
1053 953 1090 1016 ut
1109 967 1229 1020 omnes
1244 969 1334 1038 pro-

274 1059 442 1129 vinciales
458 1061 552 1130 cives
574 1061 807 1144 efficerentur,
828 1063 989 1150 plurimis
1008 1064 1068 1150 jus
1091 1065 1175 1132 illud
1197 1065 1335 1152 imper-

274 1175 397 1243 livere.
410 1177 525 1244 Multis
535 1177 673 1246 locisob
685 1199 762 1246 eam
772 1179 1335 1266 ergasubjectosbenevolentiam

275 1290 445 1360 Aristides
462 1295 582 1360 rhetor
601 1311 662 1361 eos
682 1294 815 1362 laudat.

319 1411 449 1475 Parum
478 1409 618 1495 quidem
645 1414 716 1477 tum
747 1412 915 1496 proderat
942 1411 975 1477 in
1005 1411 1183 1480 civitatem
1212 1411 1334 1479 acciri.

274 1523 455 1600 Quondam
473 1524 576 1610 hujus
591 1523 682 1610 juris
698 1525 828 1610 integri
843 1527 931 1592 duas
949 1527 1056 1593 fuisse
1071 1530 1237 1612 tanquam
1255 1546 1335 1614 par-

273 1641 325 1706 tes
340 1639 467 1706 scimus
486 1661 494 1704 ι
516 1663 533 1701 «
554 1643 662 1708 Unam
679 1639 856 1726 privatam
873 1661 951 1726 quae
971 1661 1048 1708 cum
1066 1642 1139 1708 alia
1154 1642 1332 1728 quaedam,

275 1759 346 1826 tum
372 1755 581 1823 connubium
610 1760 645 1823 et
680 1757 925 1824 commercium
959 1757 1247 1844 amplecteretur,
1276 1758 1334 1824 al-

273 1876 384 1940 teram
405 1871 580 1958 publicam
603 1893 682 1958 quae
695 1872 776 1958 jure
793 1872 953 1959 suffragii
978 1879 1009 1940 el
1029 1875 1199 1941 bonorum
1220 1872 1336 1940 conti-

273 1989 447 2055 neretura
469 2013 485 2050 ›>
512 1991 556 2056 nt
576 2007 644 2055 non
660 1988 735 2075 J'am
761 1989 923 2073 suffragii
939 1988 999 2075 jus
1022 1989 1129 2057 ullum
1154 1991 1332 2071 manebat,

273 2101 422 2170 comitiis
441 2103 587 2172 sublatis
607 2104 668 2172 vel.
686 2104 730 2172 ad
751 2104 890 2172 inanem
913 2105 1064 2191 speciem
1082 2105 1253 2184 redactis;
1273 2125 1333 2172 re-

274 2218 393 2285 lictum
410 2239 513 2286 nnnm
521 2219 581 2306 jus
594 2223 765 2287 bonorum
781 2240 844 2308 per
859 2221 951 2306 qnod
968 2223 1013 2288 ad
1029 2223 1180 2288 bonores
1195 2222 1335 2288 curules

274 2336 555 2422 senatoriamquc
574 2337 783 2422 dignitatem
803 2338 890 2405 civis
907 2337 1163 2405 admitteretur.
1182 2340 1254 2406 Hoc
1273 2337 1334 2424 ip-

273 2469 349 2517 sum
373 2470 452 2517 mox
473 2452 679 2520 exstinctum
701 2457 754 2520 est
776 2457 813 2520 nt
825 2453 885 2540 jus
909 2452 1108 2540 peculiare;
1134 2453 1267 2520 scilicet
1289 2471 1334 2520 ex

273 2586 490 2653 quacumque
508 2572 608 2654 parte
630 2569 767 2655 imperii
787 2569 927 2637 oriundi
945 2569 1121 2654 exaequati
1143 2587 1262 2636 omnes
1279 2569 1333 2636 ci-

273 2701 364 2749 ves:
395 2707 411 2745 «
435 2686 522 2750 Nam
542 2683 774 2771 jureconsulti
797 2685 857 2772 qui
882 2685 945 2751 illa
971 2688 1077 2752 aetate
1104 2685 1332 2771 scripserunt,

273 2797 360 2864 nihil
378 2798 420 2866 de
437 2818 478 2866 eo
495 2804 783 2884 commemorant,
802 2801 1040 2888 Ulpianusque
1054 2799 1151 2890 (Dip.
1170 2824 1195 2883 1,
1213 2801 1245 2881 9,
1266 2800 1335 2886 ll.)

274 2913 349 2983 sine
375 2916 447 2981 ulla
471 2917 677 3002 exceptione
704 2917 911 3003 quicumque
938 2921 1080 2985 senator
1106 2936 1272 2985 romanus
1296 2917 1333 3000 in

274 3029 394 3116 aliqua
410 3031 553 3098 civitate
571 3031 629 3114 sit,
650 3053 729 3100 eum
744 3033 947 3101 muneribus
966 3033 1236 3119 municipalibus
1252 3031 1335 3100 libe·

273 3146 348 3213 rari
365 3146 477 3214 docet.
502 3149 668 3216 Effectum
685 3148 794 3234 igitur
810 3153 892 3216 tunc
907 3153 960 3216 est
976 3150 1068 3235 quod
1085 3147 1240 3238 Dio(u11‚
1265 3148 1332 3234 19),

273 3264 497 3332 Maecenatem
515 3263 600 3332 facit
621 3255 778 3350 Augusto
796 3266 999 3332 suadentem
1017 3287 1026 3332 :
1043 3267 1106 3337 τεύς
1127 3288 1157 3326 τε
1170 3268 1333 3343 «sconowe

272 3399 336 3452 τους
351 3379 397 3440 καὶ
410 3381 473 3453 τοὺς
488 3381 616 3461 ἀρίστους
632 3384 695 3454 τοὺς
709 3405 739 3443 τε
753 3383 980 3470 πλουσιωτάτομς
999 3382 1182 3460 dicerentque
1198 3384 1235 3460 μὴ
1252 3385 1335 3459 μ”νεν

273 3493 305 3555 ἐκ
324 3502 375 3572 τῆς
402 3493 538 3574 Ἰταλίας,
562 3497 641 3558 ἄλλα
660 3497 708 3582 καὶ
729 3499 806 3579 παρὰ
827 3505 881 3558 τῶν
903 3501 1059 3576 συμμάχων
1082 3505 1135 3557 τῶν
1156 3499 1334 3573 relinquitur

274 3609 538 3690 ἐπλεξάμενος...3.
558 3639 574 3676 >›
596 3617 790 3682 —Praeter
808 3614 867 3701 jus
891 3617 1076 3695 honorum,
1099 3615 1143 3684 ad
1159 3614 1244 3702 jura
1260 3612 1336 3700 pri-

275 3731 360 3796 vata
377 3728 531 3798 civitatis
549 3731 727 3798 concessio
744 3730 939 3817 praesertim
963 3733 1157 3818 spectabat.
1178 3733 1222 3798 Ut
1238 3729 1334 3798 orbis

310 3964 337 4106 ἐ
357 3964 766 4123 ἒῐυηῖςϋὲιαάἱανοηταηα,
782 4051 926 4119 Berolini,
946 4048 1014 4105 1859
1030 4053 1083 4118 (De
1094 4053 1229 4119 propag.
1246 4051 1331 4106 civit.

276 4141 438 4203 romaum).

309 4222 337 4280 3.
357 4222 399 4280 ld.
413 4223 506 4290 loia,
522 4238 552 4295 p.
566 4221 628 4279 all.
