3114 4958
558 385 600 431 nn
623 385 709 432 runs
732 385 888 434 rusnroo.
1209 367 1253 450 33

189 511 421 589 assumerent,
433 506 664 594 imperatores
675 527 906 577 summacura
918 512 1099 606 caverunt.
1109 513 1145 578 ln
1162 510 1252 599 epis·

189 623 271 690 tolis
284 623 428 711 Trajani
440 625 483 692 ad
498 624 649 692 Plinium
664 625 822 693 timorem
835 646 1004 694 novorum
1017 628 1248 712 collegiorum

189 739 348 806 videmus
376 760 398 807 a
424 741 584 827 principe
605 741 798 809 exhibitum
821 763 921 828 paene
942 742 1126 811 ridiculum
1154 745 1249 830 apud

188 855 285 922 orbis
298 856 475 923 dominum
490 859 512 923 ¹.
527 857 644 924 Civem
658 858 808 944 plurium
825 859 1005 926 civitatum
1019 879 1095 927 esse
1105 860 1247 942 licebat,

189 989 259 1038 non
281 972 440 1058 pluribus
466 973 625 1058 collegiis
655 975 783 1058 allegi,
817 976 871 1041 vel
903 974 1095 1060 permissis,
1130 998 1146 1035 «
1171 977 1248 1043 Non

187 1087 272 1154 licet
288 1088 439 1175 amplius
452 1107 556 1174 quam
570 1109 675 1157 unum
693 1090 882 1176 collegium
899 1089 1032 1157 licitum
1049 1091 1192 1173 habere,
1213 1070 1251 1157 ut

188 1204 243 1270 est
259 1203 484 1271 constitutum
503 1209 538 1271 et
554 1224 576 1272 a
592 1205 688 1272 Divis
705 1206 887 1272 Fratribus
901 1227 909 1284 ;
928 1211 962 1272 et
978 1205 1007 1271 si
1019 1205 1096 1290 quis
1109 1204 1145 1271 in
1157 1206 1242 1273 duo·

186 1320 255 1385 bus
278 1319 407 1401 fuerit,
432 1319 639 1405 rescriptum
667 1327 719 1388 est
743 1321 875 1404 eligere
904 1340 980 1387 eum
1010 1324 1187 1406 oportere,
1212 1321 1247 1387 in

188 1453 259 1520 quo
281 1434 396 1520 magis
421 1453 497 1501 esse
521 1435 607 1502 velit
628 1456 635 1501 :
656 1442 880 1522 accepturum
901 1455 944 1502 ex
969 1455 1009 1502 eo
1029 1435 1203 1522 collegio,
1226 1456 1247 1502 a

189 1569 258 1636 quo
275 1550 426 1632 recedit,
448 1551 483 1616 id
502 1552 594 1636 quod
612 1551 644 1617 ei
659 1551 826 1637 competit
842 1569 886 1617 ex
903 1550 1038 1618 ratione
1056 1571 1135 1637 quae
1152 1571 1249 1618 com-

188 1665 305 1732 munis
320 1666 419 1733 suite.
437 1691 453 1728 »
475 1669 544 1733 Nec
568 1666 706 1732 modica
725 1674 802 1757 erat
818 1666 976 1750 collegiis
994 1666 1127 1733 illicitis
1143 1687 1248 1753 poena

186 1781 374 1868 imposita,
397 1802 476 1868 quae
493 1784 615 1849 eadem
636 1786 713 1848 erat
736 1787 841 1868 atque
857 1781 1052 1867 majestatis
1070 1801 1210 1849 reorum
1222 1785 1247 1848 ³.

233 1898 439 1965 Addendum
462 1903 578 1965 tamen
604 1896 712 1964 Marci
733 1897 951 1983 temporibus
969 1897 1133 1965 Senatum
1157 1918 1243 1986 per-

186 2012 324 2080 misisse
341 2013 500 2098 collegiis
515 2013 620 2080 licitis
635 2011 767 2096 legari,
787 2013 1041 2101 quodpropter
1066 2013 1244 2100 supradic-

186 2134 263 2198 tam
278 2129 515 2216 provisionem
533 2130 608 2196 sine
622 2129 779 2216 periculo
797 2131 910 2198 eratl.

486 2434 504 2517 ᾖ
522 2433 613 2498 5.-
632 2435 685 2499 De
700 2434 955 2518 religionibus

233 2679 322 2744 Num
343 2677 457 2765 major
472 2677 681 2763 religionum
700 2678 874 2746 exstiterit
888 2679 1033 2747 libertas
1047 2699 1152 2766 quam
1171 2682 1245 2747 Pau

188 2797 281 2860 trum
297 2793 486 2880 populnpre
504 2794 652 2876 romani,
672 2794 944 2880 provinciarum,
963 2794 1245 2882 municipiorum.

188 2910 432 2994 collegiorum,
450 2910 621 2997 dispicere
641 2929 731 2977 nunc
751 2911 832 2977 milri
853 2912 889 2977 in
909 2911 1025 2978 animo
1044 2925 1108 2979 cst.
1129 2916 1247 2997 Magm
1337 2924 1339 2928 ’

189 3025 356 3092 momenti
374 3044 459 3092 sane
476 3028 637 3107 materia,
655 3046 732 3093 cum
751 3046 772 3093 a
791 3027 910 3093 multis
926 3027 1017 3094 inter
1032 3028 1246 3095 saevissimos

189 3140 460 3208 christianorum
481 3151 723 3228 persecutores
741 3145 878 3209 Marcus
895 3149 1116 3226 numeretur,
1141 3144 1246 3211 eliam

191 3257 367 3324 avirtutis
386 3261 422 3324 et
435 3258 671 3345 philosophiae
684 3257 760 3344 ejus
773 3259 1039 3341 laudatoribuS,
1059 3261 1149 3326 hano
1166 3259 1248 3326 uui-

190 3392 266 3440 cam
294 3372 378 3440 vitae
411 3372 487 3460 ejus
513 3374 628 3440 labem
658 3374 905 3452 notantibusl,
929 3374 991 3442 alii
1017 3379 1133 3442 eutem
1160 3395 1246 3461 pace

190 3487 316 3556 inuitos
339 3488 551 3556 christianos
577 3491 640 3556 sub
658 3489 844 3555 Antoninis
866 3493 1047 3570 oenseaut3
1070 3493 1105 3556 et
1125 3509 1181 3557 res
1206 3509 1247 3558 co

226 3722 249 3777 l.
269 3721 344 3777 Plin.
361 3723 418 3790 Ep.
433 3725 474 3790 X,
491 3720 539 3790 433
554 3735 585 3790 x,
600 3719 644 3777 97.

223 3805 249 3862 2.
270 3807 417 3862 Marcion.
432 3808 462 3861 L.
481 3805 505 3874 l,
523 3805 535 3870 S
550 3804 577 3873 Ξ,
595 3808 639 3874 D.‚
651 3809 690 3861 dc
706 3807 862 3874 collegiis,
878 3804 922 3873 47,
938 3803 983 3860 22.

190 3891 262 4030 ὦ
270 3895 302 3947 L.
320 3899 345 3960 a,
362 3894 419 3947 eod
437 3893 483 3947 tu.
500 3892 552 3946 Th.
569 3892 600 3947 L.
618 3892 643 3960 l,
666 3893 710 3961 D.‚
741 3893 891 3960 adleyem
912 3893 1033 3946 Iuliam
1055 3893 1247 3962 majestatie,

224 4017 250 4116 l.
265 4019 301 4116 Ι1..
318 4060 363 4128 20,
377 4063 424 4129 D.‚
439 4063 583 4117 deReous
595 4063 711 4129 dubiis,
727 4061 772 4131 al,
788 4059 816 4116 5.
1270 4103 1277 4116 .

223 4143 250 4202 5.
271 4147 306 4201 H.
332 4147 385 4202 Th.
402 4148 529 4208 Bucklc‚
547 4149 626 4203 Htst.
647 4147 686 4213 of
702 4148 906 4203 Oiotltzatton
927 4148 962 4201 in
982 4149 1142 4216 Enpland.
1165 4149 1242 4202 Loe-

190 4229 261 4302 don,
284 4226 361 4300 1868,
378 4232 399 4296 l,
414 4248 443 4303 p.
460 4229 510 4287 185
524 4233 556 4289 et
573 4230 632 4288 186.

1127 4335 1141 4383 3
