3128 4962
550 483 593 530 nn
615 483 702 530 suan
725 483 843 532 o1v1n1.
1164 463 1224 532 101
1253 477 1255 481 “

167 607 221 674 est
242 604 390 672 duarum
416 602 671 688 obligationum
695 623 738 672 ex
765 603 906 672 diversa
930 623 1038 672 cansa
1063 606 1227 673 natarum

166 723 240 788 tum
267 725 449 806 acceptam
476 738 552 786 esse
577 719 909 806 compensationem,
939 721 1020 788 dum
1047 720 1228 807 utriusque

166 835 243 904 dies
261 835 422 906 cessisset
434 837 457 901 ¹.
478 837 525 902 At
538 834 597 921 qni
619 840 721 902 erant
738 834 956 922 exceptionis
975 834 1046 903 doli
1063 838 1229 906 effectus?

165 953 290 1020 Utrum
310 954 420 1033 actor,
439 970 516 1018 oum
537 949 693 1037 ajudice
709 951 949 1038 compensatio
970 950 1228 1038 admitteretur,

161 1067 420 1152 prosperando
436 1085 545 1135 cansa
560 1066 722 1150 cadebat,
747 1086 792 1134 an
817 1068 1035 1136 solummodo
1058 1069 1231 1136 condem·

165 1185 270 1252 natio
289 1182 585 1250 imminuebatur?
606 1182 936 1254 condemnationem
957 1185 1091 1250 tantum
1114 1184 1230 1251 immi-

165 1304 286 1368 nutam
296 1299 405 1367 tuisse
415 1299 613 1386 opinamur.
627 1302 645 1366 J
649 1298 844 1367 ustinianus
859 1299 951 1366 enim
964 1299 1119 1369 actiones
1127 1301 1229 1368 bonae

164 1414 247 1484 fldei
264 1418 299 1483 et
320 1413 443 1482 stricta
454 1412 590 1500 judicia
606 1414 728 1482 eodem
740 1413 822 1501 jure
838 1418 936 1482 recta
951 1417 1032 1502 post
1054 1415 1126 1483 doli
1146 1414 1230 1482 mali

166 1528 383 1617 exceptionis
407 1529 655 1598 admissionem
681 1529 777 1610 dicit,
796 1548 909 1616 neque
935 1529 996 1596 ulli
1021 1529 1228 1617 plurispeti-

165 1645 253 1713 tioni
282 1643 317 1712 in
339 1646 441 1713 bonae
465 1644 545 1712 fidei
571 1643 716 1732 judiciis
740 1645 854 1712 locum
879 1643 987 1712 fnisse
1011 1644 1228 1713 notissimum

165 1765 230 1834 est.
248 1763 320 1827 Nec
336 1778 474 1847 semper
495 1759 600 1827 facile
617 1762 695 1827 erat
721 1759 833 1827 actori
853 1760 888 1827 in
909 1760 1047 1828 actione
1062 1778 1230 1849 compen-

165 1876 313 1945 sationis
329 1881 490 1944 exactam
507 1875 679 1943 rationem
693 1877 838 1958 babere,
851 1876 1048 1963 praesertim
1065 1895 1143 1943 cum
1157 1876 1229 1944 illae

165 2011 222 2059 res
247 2011 325 2078 qnae
350 1990 454 2058 hodie
474 1992 676 2076 sanptbttes
698 1991 862 2058 dicuntur
886 1979 1096 2060 deberentur
1120 2013 1128 2057 :
1156 1991 1228 2058 ini-

165 2127 272 2194 quum
293 2125 378 2192 ergo
402 2107 526 2174 luisset
546 2110 694 2193 propter
713 2107 949 2174 necessarium
974 2126 1129 2175 errorem
1149 2126 1228 2175 eum

165 2215 369 2310 omnijure
395 2221 544 2309 privari.
578 2223 717 2289 Certum
744 2231 797 2290 est
825 2223 955 2310 duplex
983 2223 1227 2310 exceptionum

164 2356 278 2426 genus
299 2337 485 2406 exstitisse.
516 2338 735 2425 «Exceptio,
761 2338 813 2405 ait
834 2339 979 2422 Paulus,
1004 2343 1057 2408 est
1073 2338 1227 2407 conditio

163 2473 244 2541 quae
270 2453 374 2522 modo
406 2452 528 2521 eximit
561 2471 659 2520 reum
690 2454 937 2537 damnatione,
970 2456 1073 2523 modo
1104 2453 1229 2522 minuit

163 2569 459 2640 damnationemt.
478 2594 495 2632 >›

207 2688 260 2752 Ex
275 2684 383 2753 Marci
395 2681 567 2771 rescripto
585 2685 670 2752 etin
687 2686 790 2753 bonae
806 2685 888 2753 tldei
899 2685 1036 2773 judicia
1050 2704 1070 2753 e
1085 2684 1228 2754 diversa

163 2821 272 2871 cansa
295 2807 460 2869 natarum
486 2800 743 2886 obligationum
770 2801 1090 2888 compensationem
1114 2802 1228 2868 intro-

164 2919 322 3001 ductam,
347 2917 508 3004 quamvis
531 2919 599 2986 hoc
618 2937 687 2985 non
711 2923 833 3004 aperte
854 2936 897 2985 ex
918 2917 1106 2985 tustiniani
1124 2917 1226 2986 insti-

163 3033 357 3102 tutionibus
370 3035 555 3120 appareat,
577 3037 727 3100 constat.

209 3149 424 3218 creditorem
447 3153 623 3235 praeterea
647 3148 707 3234 qni
733 3176 746 3208 «
772 3147 839 3215 sibi
862 3147 937 3234 ipse
957 3148 1017 3234 Jus
1041 3147 1223 3215 dixisset»

164 3266 239 3333 sine
256 3264 376 3352 jndice
392 3283 448 3333 res
468 3263 637 3332 debitoris
653 3264 869 3346 invadendo,
893 3266 1032 3331 Marcus
1055 3263 1225 3331 creditum

164 3382 325 3450 amittere
335 3380 480 3468 jussit33
500 3415 542 3430 -
559 3379 801 3466 exceptionem
811 3397 888 3447 ‘non
904 3382 1099 3448 numeratae
1115 3397 1225 3466 pecu-

166 3498 236 3568 niae
253 3495 481 3585 quinquennii
497 3494 613 3583 spatio
630 3494 788 3563 definivit
798 3494 824 3562 ⁴.

201 3744 226 3800 l.
247 3745 280 3800 L.
296 3741 322 3812 7,
338 3746 404 3799 eod.
422 3744 468 3798 tit.
508 3767 513 3772 ·

200 3826 226 3884 2.
247 3828 279 3882 L.
295 3824 398 3896 221),
413 3829 452 3881 de
468 3827 606 3896 accept,
620 3823 664 3895 lt,
680 3824 761 3882 1.(71.
779 3827 813 3879 Α.
829 3823 1015 3894 Desjardins,
1034 3827 1072 3879 de
1090 3826 1123 3878 ta
1140 3825 1226 3880 dom·

157 3913 335 3983 pensatioa,
350 3910 448 3979 Paris,
466 3908 548 3979 teon
564 3909 718 3976 decaniae,
733 3924 782 3978 op.
801 3910 865 3977 cit,
883 3908 917 3977 ll,
932 3905 994 3963 911.
1009 3908 1121 3964 contra
1136 3907 1223 3964 Orto·

163 3999 226 4067 lan,
243 3997 367 4068 Exptio.
382 3997 552 4064 lictorique
566 3997 620 4049 dec
635 3993 801 4057 Institutas,
819 3991 849 4046 8⁶2
862 3991 921 4059 dd,
937 3992 983 4059 111,
999 3989 1068 4046 1167
1084 4004 1167 4060 seqq.

197 4081 234 4140 3.¹
246 4081 277 4136 L.
298 4079 338 4148 13,
354 4082 399 4151 D,
417 4080 502 4140 Quod
515 4082 613 4134 anatur
627 4092 734 4145 causa,
750 4076 776 4145 l,
791 4075 822 4149 ²3
839 4076 859 4131 l.
875 4075 902 4146 7,
917 4077 961 4145 D,
978 4077 1021 4132 ad
1037 4076 1095 4144 lep.
1109 4075 1171 4129 Jnl.
1186 4077 1225 4130 dc

164 4167 197 4224 oi
205 4167 349 4238 privata,
366 4162 410 4242 18,
426 4163 454 4219 7.

199 4250 226 4308 d.
247 4249 318 4308 cod.
342 4251 454 4317 Herm„
471 4250 509 4302 de
527 4250 621 4302 cauta
639 4250 668 4300 et
687 4260 748 4301 non
766 4246 935 4302 numerata
948 4242 1223 4312 pecania;1nrtir.

166 4335 214 4404 111,
229 4332 275 4391 11.
