3128 4962
569 360 613 408 uu
635 359 722 407 sunu
746 359 863 408 crvrur.
950 335 956 346 ’
1186 337 1249 409 103

184 481 459 568 magistratuum
485 485 580 550 certo
611 480 725 566 gradu
757 484 917 549 exstante
931 483 953 546 ¹.
983 484 1068 550 Post
1097 501 1175 551 eum
1198 484 1249 551 ita

185 596 377 668 constituta
393 600 446 666 est
462 601 538 665 uta
559 595 733 665 decisione
753 597 931 666 interioris
951 597 1182 683 magistratus
1203 599 1249 666 ad

184 712 414 803 superiorem,
426 717 603 802 postremo
615 714 660 782 ad
673 713 866 801 principem
880 715 1130 802 appellaretur.
1148 716 1249 803 Saepe

184 835 256 900 tres
273 834 336 899 aut
351 837 501 917 quatuor
522 830 771 918 appellationis
791 831 923 914 gradus
944 834 1057 912 erant,
1075 831 1156 899 inde
1173 832 1248 899 liti-

185 948 370 1034 gatoribus
385 947 655 1034 imponebantur
674 949 845 1034 sumptus
865 945 1118 1029 cunctationes
1140 950 1205 1014 etc.
1219 950 1244 1011 2.

183 1067 228 1132 Ut
244 1066 321 1132 haec
340 1063 563 1131 incommoda
584 1063 793 1145 vitarentur,
823 1064 1032 1150 quandoque
1053 1063 1248 1151 imperator

179 1179 318 1268 judices
334 1179 459 1262 dabat,
483 1199 505 1247 a
526 1180 652 1274 quibus
673 1199 869 1266 provocare
889 1199 957 1247 non
980 1179 1125 1247 liceret:
1145 1199 1248 1267 quem

184 1316 285 1365 usum
307 1276 402 1384 sape
427 1298 583 1364 Marcum
606 1299 762 1365 secutum
788 1296 896 1364 refert
912 1297 1118 1384 Ulpianus³.
1144 1299 1249 1364 Atta-

181 1432 260 1481 men
283 1412 498 1500 generaliter
518 1413 638 1480 varios
661 1411 924 1498 provocationis
946 1412 1079 1498 gradus
1104 1431 1247 1480 servare

177 1528 300 1618 jussit,
319 1548 406 1614 quos
426 1528 648 1596 exactissime
662 1528 895 1614 designavitl.
919 1527 954 1595 Si
970 1528 1047 1614 quis
1066 1548 1130 1616 per
1143 1548 1246 1597 erro·

181 1665 256 1715 rem
280 1665 357 1713 cum
385 1645 491 1712 aliurn
516 1645 697 1731 appellare
724 1645 920 1726 debuisset,
949 1644 1055 1711 alium
1083 1647 1247 1732 appella-

182 1761 307 1845 visset,
327 1761 492 1828 Diuorum
517 1763 680 1827 Fratrum
702 1759 911 1846 rescriptnm
934 1761 979 1827 ad
1004 1759 1173 1848 majorem
1191 1765 1248 1830 vel

180 1897 303 1968 parem
326 1876 481 1964 judicem
508 1875 717 1963 provocanti
746 1875 781 1943 id
810 1895 879 1944 non
910 1877 1051 1944 officere
1076 1878 1245 1961 decrevit,

182 1994 228 2061 ad
253 1993 422 2060 minorem
445 1997 561 2060 autem
579 2010 724 2075 nocere,
744 2011 808 2059 nec
827 1993 958 2078 corrigi
975 1993 1115 2080 pessel.
1135 1993 1243 2061 Iidem

182 2110 289 2178 etiam
313 2109 453 2196 quando
477 2127 540 2194 per
558 2101 826 2196 procuratorem
834 2092 885 2176 ¹in
907 2109 1159 2196 provocatione
1184 2111 1244 2195 agi

182 2227 305 2294 liceret
330 2228 529 2294 statuerunt
540 2227 565 2292 ⁶.

224 2343 386 2411 Laudare
402 2361 540 2430 quoque
563 2361 748 2430 possumus
768 2343 866 2428 leges
882 2344 914 2424 8,
933 2344 988 2425 D.,
1011 2344 1057 2411 de
1072 2345 1247 2427 Appella-

180 2461 353 2541 tionibus,
366 2457 423 2542 49,
447 2459 484 2540 1;
505 2459 535 2542 1,
552 2479 635 2527 eunt
656 2461 720 2545 put
738 2462 922 2543 appellen.
938 2457 994 2542 49,
1016 2459 1072 2539 11;
1091 2459 1125 2542 2,
1143 2460 1179 2526 C.
1198 2462 1243 2542 J.,

180 2564 438 2644 deProcurot.
456 2575 489 2658 2,
515 2575 567 2641 13.

224 2694 359 2759 Novum
389 2691 423 2758 in
452 2690 512 2778 jus
534 2691 729 2760 vocationis
758 2692 900 2759 modum
933 2692 1139 2774 introduxit,
1175 2712 1243 2779 qtto

217 2955 240 3010 1.
261 2955 319 3009 Per
332 2954 572 3022 appellationem
587 2953 636 3008 hic
655 2950 841 3020 intelligitur
854 2951 1034 3024 provocatio
1048 2953 1086 3008 ad
1100 2952 1240 3024 superio-

178 3056 244 3097 rem
257 3039 474 3108 magistratum
487 3040 537 3108 qui
550 3054 660 3095 novam
677 3037 861 3094 sententiam
874 3038 957 3094 dicat
970 3057 976 3093 :
992 3037 1107 3093 tribuni
1120 3037 1242 3107 quidem

178 3126 278 3200 plebis
299 3125 353 3181 aut
375 3125 500 3193 collegae
519 3123 602 3179 illius
622 3123 673 3194 qui
696 3123 954 3195 pronuntiaverat
976 3124 1134 3191 appellari
1153 3122 1240 3193 pote-

178 3210 260 3279 rant,
281 3209 335 3266 sed
356 3224 415 3265 non
435 3209 494 3280 ipsi
511 3209 708 3280 judicabant3
729 3223 835 3264 eorum
857 3208 1036 3287 intercessio
1057 3208 1111 3264 aut
1131 3206 1241 3262 auxilii

179 3295 255 3351 latio
269 3309 346 3366 pure
362 3296 519 3364 negativa,
534 3294 569 3349 ut
583 3293 628 3348 ita
641 3293 751 3361 dicam,
766 3293 842 3348 erat.
859 3293 933 3348 Vid:
940 3293 1050 3358 Keller,
1067 3296 1106 3348 de
1119 3294 1152 3348 ta
1165 3295 1242 3348 Pro·

180 3378 295 3436 recture
303 3381 396 3434 civite
404 3383 433 3433 et
442 3382 496 3433 des
505 3380 626 3434 actions
637 3379 712 3434 citez
721 3379 764 3433 tes
774 3379 932 3456 dannatus,
943 3377 1023 3434 trad.
1036 3378 1088 3434 Ch.
1100 3378 1238 3448 capmaS,

214 3551 241 3605 9.
262 3548 321 3604 Sub
344 3547 514 3605 iustiniano
531 3549 664 3620 primurn
683 3547 923 3620 appellationum
944 3560 1089 3602 numerus
1108 3546 1238 3601 circum-

179 3635 313 3707 scriptus
332 3633 428 3690 fuisse
440 3632 573 3702 videtur,
594 3634 614 3688 l.
628 3633 719 3701 unic,
734 3635 764 3688 G.
777 3635 792 3688 J
797 3673 814 3701 .,
833 3631 858 3700 7,
870 3631 912 3686 70.
928 3631 971 3686 cs.
986 3631 1096 3699 Keller,
1112 3645 1160 3698 op.
1175 3633 1238 3700 ott,

179 3737 208 3778 n.
226 3718 304 3776 1008.

214 3806 241 3862 3.
263 3822 279 3858 «
293 3803 447 3860 interdurn
463 3803 633 3874 imperator
647 3803 726 3859 solet
745 3802 865 3873 jndices
881 3801 970 3869 dare,
987 3815 1024 3856 ne
1041 3799 1133 3856 liceat
1149 3800 1187 3855 ab
1203 3815 1238 3856 eo

179 3904 359 3964 provocare,
375 3889 410 3944 ut
424 3888 486 3944 scio
502 3888 671 3959 saepissime
686 3904 704 3944 a
719 3891 749 3942 D.
766 3889 869 3942 Marco
880 3885 1001 3956 jndices
1016 3885 1115 3941 datos.
1132 3902 1148 3938 >›
1161 3886 1194 3940 L.
1213 3885 1236 3954 l,

179 3975 193 4040 S
207 3975 234 4045 4,
250 3977 295 4042 D.,
311 3988 332 4030 a
345 3975 453 4046 quibus
468 3974 635 4042 appellari,
653 3971 738 4041 49,1.

215 4060 241 4117 4.
261 4062 292 4116 L.
308 4059 353 4129 21,
369 4062 415 4129 Ι).,
430 4062 468 4114 de
480 4061 642 4128 Appellat,
658 4057 702 4124 49,
713 4058 744 4113 l.
760 4087 795 4098 -
809 4056 907 4128 Capit.
924 4057 964 4113 M.
980 4058 1049 4114 Ant.
1068 4056 1148 4112 Puta
1167 4054 1209 4112 10.

214 4145 241 4202 5.
261 4145 292 4202 L.
310 4146 336 4215 1,
351 4144 365 4210 S
380 4144 408 4215 3,
423 4148 467 4214 D.,
480 4148 518 4200 de
531 4147 660 4214 Appetl,
674 4143 717 4213 49,
737 4143 760 4198 1.

216 4231 242 4288 d.
262 4233 293 4288 L.
309 4231 334 4300 1,
349 4232 394 4300 Ι).,
410 4232 458 4284 An
467 4245 528 4302 per
541 4231 652 4300 atium,
668 4227 711 4300 49,
727 4227 758 4292 9,
