3114 4958
278 401 322 466 40
718 418 782 466 uns
805 414 922 466 rnsson.

281 561 395 631 neque
423 543 485 610 ullr
509 541 747 629 superstitioni
777 542 931 638 deditus,
962 561 1030 609 non
1060 541 1152 610 inter
1176 543 1343 612 Ecclesiae

280 659 398 726 hostes
418 658 496 735 fuit,
515 678 603 742 erga
631 659 781 725 omnium
810 659 1020 744 religionum
1041 660 1193 727 cultores
1208 660 1345 746 pariter

281 775 467 861 benignus.
488 801 505 836 <‹
524 774 660 842 Christo
684 776 849 860 ternplum
866 775 981 842 facere
1000 777 1111 842 voluit
1127 776 1344 857 [Alexander

282 893 465 972 Severus],
498 890 548 956 ait
578 891 817 976 Lampridius,
845 910 992 976 eumque
1017 891 1107 959 inter
1136 893 1220 960 deos
1248 891 1343 961 reci-

281 1027 378 1096 pere.
406 1008 505 1083 Quod
529 1010 563 1074 et
581 1008 781 1075 Hadrianus
798 1007 973 1092 cogitasse
989 1009 1111 1088 fertur,
1133 1007 1192 1096 qui
1210 1010 1344 1096 templa

283 1124 443 1191 omnihus
458 1122 660 1191 civitatibus
677 1123 751 1190 sine
768 1123 966 1191 simulacris
981 1123 1138 1211 jusserat
1153 1125 1243 1208 fieri,
1265 1144 1344 1210 quae

282 1239 387 1307 hodie
419 1237 548 1306 idcirco
585 1239 667 1324 quia
707 1259 776 1307 non
815 1241 944 1307 hahent
981 1241 1147 1321 numina,
1180 1239 1345 1309 dicuntur

281 1354 452 1422 Hadriani
467 1375 474 1420 :
493 1356 663 1436 Ἀδριανεῖα.
678 1357 764 1431 Quae
779 1356 838 1422 ille
852 1357 897 1424 ad
910 1357 975 1423 hoc
988 1375 1134 1442 parasse
1147 1355 1342 1438 dicebatur,

282 1472 342 1538 sed
360 1469 558 1556 prohibitus
578 1475 630 1537 est
646 1448 691 1537 ah
710 1471 752 1536 iis
770 1472 826 1555 qui
848 1473 1067 1539 consulentes
1084 1491 1186 1538 sacra
1200 1492 1344 1558 repere-

282 1590 376 1666 rant,
392 1605 512 1654 omnes
525 1586 742 1653 Christianos
758 1588 906 1666 futuros,
924 1587 952 1654 si
968 1588 1001 1654 id
1017 1596 1138 1672 oritato
1155 1589 1342 1671 evenisset,

282 1705 317 1768 et
337 1701 466 1786 templa
492 1701 627 1787 reliqna
651 1701 875 1768 deserent-tl.
895 1727 910 1764 »
939 1702 1137 1778 Quinetiam
1159 1704 1252 1790 apud
1273 1704 1343 1769 ali-

281 1823 367 1903 quot
387 1817 641 1884 ecclosiasticos
662 1818 849 1904 scriptores
876 1818 1044 1885 llatlriani
1066 1820 1270 1906 rescriptum
1299 1821 1345 1887 ad

281 1933 469 1999 Minucium
489 1935 691 2000 Fundanum
712 1955 799 2020 erga
815 1936 1031 2002 Christianos
1050 1936 1267 2003 mitissimum
1289 1937 1344 2003 le-

283 2050 406 2134 gitur:
427 2051 516 2134 quod
536 2051 653 2115 fictum
672 2051 775 2118 hodie
791 2051 949 2136 plerique
968 2055 1122 2137 putantl.

328 2169 520 2250 Utcumque
544 2185 580 2231 se
606 2185 649 2232 ea
672 2186 727 2232 res
759 2167 908 2248 haheat,
942 2169 1005 2233 suh
1032 2168 1210 2235 Hadriano
1240 2172 1345 2256 pauci

283 2288 473 2365 martyrem
493 2283 667 2348 Antonino
682 2282 741 2348 l’io
753 2282 957 2368 imperante,
971 2303 1051 2366 punc
1063 2287 1345 2368 ecclesitsfuit.³

281 2401 357 2464 ‚lam
376 2398 633 2464 numerosiores
651 2399 839 2466 Christiani
857 2411 963 2485 caput
980 2402 1157 2479 attollunt,
1177 2403 1222 2468 ad
1246 2402 1346 2488 prin-

274 2515 393 2600 ¹cipem
426 2513 612 2600 apologias
636 2516 788 2597 mittunt,
815 2535 878 2583 nec
907 2522 1121 2584 memoratur
1156 2518 1345 2586 Aristidem

282 2631 337 2697 vel
359 2631 577 2706 Quadratum
601 2630 758 2718 aliosque
776 2631 945 2719 ejusmodi
967 2633 1165 2700 orationum
1184 2625 1346 2702 auctores

171 2795 172 2798 η
281 2745 507 2832 punitosTiti
524 2747 691 2814 Antonini
706 2767 843 2834 quoque
856 2748 983 2816 litterae
996 2749 1205 2832 reseruntur,
1224 2756 1346 2837 aperte

281 2860 421 2948 quidem
435 2863 546 2945 falsae,
567 2862 602 2930 iu
619 2863 835 2932 Christianos
855 2865 1134 2933 clementissimae
1147 2866 1181 2946 43
1199 2867 1346 2934 sednon

282 2976 423 3045 dubium
447 2985 598 3045 osteum
624 2999 646 3046 a
670 2976 877 3046 Christianis
893 2981 1010 3067 potius
1026 2984 1214 3068 patronum
1240 3003 1346 3071 qnam
1377 2981 1379 2984 ’

282 3098 541 3181 persecutorem
561 3096 717 3163 habitum
735 3115 823 3164 esse.

325 3211 425 3277 Nunc
438 3210 484 3278 ad
499 3214 654 3278 Marcum
668 3212 879 3279 Antoninum
893 3216 1126 3281 transeamus.
1141 3217 1190 3282 De
1204 3215 1265 3284 illo
1279 3236 1347 3285 om-

284 3418 446 3476 Pandectis
461 3420 647 3475 referuntur.
664 3422 695 3475 L.
714 3421 758 3486 37,
775 3420 819 3488 tss,
837 3424 881 3489 Ι),
900 3425 939 3476 de
954 3425 1101 3492 Judieiis,
1121 3424 1134 3486 S
1152 3423 1180 3496 l;
1199 3425 1222 3480 l,
1242 3427 1292 3493 1).‚
1309 3429 1347 3482 dc

286 3505 451 3572 Appellat,
468 3503 512 3573 ln,
526 3505 556 3574 l;
570 3503 597 3573 5,
614 3508 658 3572 Ι),
674 3510 712 3562 cie
727 3509 803 3562 Iure
816 3508 985 3576 immenti,
997 3506 1041 3578 50,
1054 3507 1080 3576 6,
1096 3510 1153 3567 etc.

322 3588 346 3644 l.
367 3590 520 3660 Lamprid.
535 3592 624 3646 Alex.
639 3590 682 3646 li.

319 3672 346 3729 2.
367 3674 435 3730 Vid.
450 3678 577 3745 Apotop.
593 3677 654 3733 Soti
669 3677 780 3734 lustini
796 3679 947 3748 priorem;
959 3681 1047 3748 Apol.
1062 3681 1123 3736 Soti
1137 3681 1302 3749 Melitonis‚
1315 3684 1347 3739 in

284 3760 428 3828 spicileg.
448 3762 644 3830 soleamne,
660 3776 698 3834 113
713 3763 801 3819 Dion.
822 3763 958 3835 (Xiphill
979 3779 1054 3832 nxx,
1077 3766 1278 3837 330r0s.v11,
1297 3768 1347 3841 133

285 3845 395 3900 Euseh.
412 3846 493 3900 Hist.
514 3848 587 3902 ecci.
602 3860 645 3902 1v.
660 3847 686 3902 8.
710 3849 749 3904 At
772 3850 828 3904 hoc
846 3849 1032 3920 rescriptum
1052 3851 1239 3908 Tertulliano
1259 3854 1348 3922 igno-

284 3927 360 3984 tum.
376 3930 419 3984 Cf.
438 3931 531 3997 Aube,
545 3946 593 3999 op.
608 3935 672 3999 cit,
689 3949 714 3988 c.
728 3947 771 3988 vr.

319 4012 346 4069 3.
368 4015 450 4085 Sulp.
469 4017 537 4071 sev.
553 4019 632 4073 Hist.
643 4033 706 4073 sao.
721 4033 754 4074 11.
772 4018 814 4076 ld.

320 4095 346 4153 d.
368 4099 411 4154 Cf.
429 4099 522 4169 Aube‚
538 4116 586 4169 op.
604 4104 666 4168 eit,
689 4119 714 4158 c.
731 4118 796 4158 vru.
816 4106 928 4160 Contra
946 4108 975 4161 C.
994 4107 1100 4176 Bayet,
1121 4111 1160 4163 cte
1175 4110 1277 4163 titulis
1293 4111 1347 4162 At·

225 4181 226 4188 ’
284 4184 353 4240 ticoe
368 4185 554 4241 christianis
569 4189 813 4258 antiquissimis,
829 4190 895 4246 Lut.
912 4190 1111 4262 Paris.,1876,
1128 4207 1158 4263 p.
1169 4191 1196 4263 8,
1213 4193 1270 4249 hoc
1285 4208 1350 4252 res-

285 4270 418 4344 criptum
432 4285 491 4327 non
507 4272 706 4343 rejiciendum
720 4276 821 4348 putat.
