3114 4958
563 448 607 494 on
629 447 715 495 tune
738 447 896 494 pumero.
1219 427 1260 494 4Ι

198 571 282 638 nino
307 569 446 639 diversa
463 569 596 638 tradita
621 570 712 636 sunt.
731 567 901 636 Eusebius
917 568 1071 648 litteras,
1094 587 1182 655 quas
1202 569 1263 638 alii

197 687 341 774 quidam
370 708 413 754 ex
446 686 620 754 Antonino
662 685 725 752 Pio
756 686 934 772 proiectas
966 685 1106 768 dicunt,
1145 690 1262 755 Marco

198 803 380 890 assignat,
407 803 442 869 in
468 802 566 889 queis
587 803 781 889 imperator
805 821 874 868 non
907 803 1009 871 modo
1036 804 1262 871 constitutam

198 919 390 1007 aTrajano
408 919 501 1007 juris
524 919 683 1004 regulam
708 919 903 1001 confirmat,
924 919 1056 986 scilicet
1080 936 1150 986 non
1174 940 1262 988 con·

196 1039 386 1124 quirendos
400 1056 476 1105 esse
501 1035 731 1118 Christianos,
751 1035 938 1116 sedetiam
953 1055 1073 1104 eorum
1093 1037 1261 1124 pietatem
1298 1081 1300 1086 -
1409 1035 1419 1052 '

90 1221 94 1228 ,
196 1154 396 1242 praedtcat:
420 1156 651 1239 «Imperator
670 1153 789 1220 Caesar
810 1155 855 1218 M.
881 1153 1044 1220 Aurelius
1065 1153 1262 1222 Antoninus

197 1274 290 1358 Aug.
314 1269 515 1337 Armenicus
533 1269 696 1337 Pontifex
712 1269 897 1350 Maximus,
917 1268 1124 1337 Tribunitiae
1143 1273 1263 1356 potes-

197 1388 283 1456 tatis
298 1389 362 1453 XV
367 1437 376 1466 ,
395 1385 522 1453 Consul
539 1388 596 1465 ΙΙΙ,
615 1385 796 1452 Communi
814 1385 920 1466 Asiae,
947 1386 981 1451 S.
1007 1383 1174 1470 Equidem
1190 1385 1261 1452 scio

198 1503 271 1570 Diis
288 1502 375 1589 ipsis
396 1521 491 1569 curae
515 1520 610 1580 esse,
638 1519 681 1567 ne
701 1500 905 1588 hujusmodi
925 1501 1083 1569 homines
1114 1503 1259 1569 lateant.

197 1620 308 1687 Multo
325 1618 418 1684 enim
445 1617 558 1703 magis
583 1616 652 1683 illis
676 1617 857 1697 convenit,
880 1617 1005 1703 punire
1024 1637 1100 1696 eOS,
1120 1618 1179 1703 qui
1202 1637 1263 1684 co-

197 1734 273 1802 lere
303 1754 384 1820 psos
402 1738 577 1809 recusant,
604 1753 708 1818 quam
736 1733 834 1799 vobis
850 1733 911 1820 qni
939 1753 1072 1813 eorum,
1092 1735 1262 1801 adversus

197 1872 286 1937 quos
306 1849 578 1930 tumultuamini,
594 1849 801 1916 sententiam
820 1869 860 1914 ar
876 1849 1092 1936 propositum
1112 1850 1263 1936 amplius

198 1967 434 2047 confirmatis,
455 1966 535 2031 dum
561 1985 621 2032 eos
641 1965 815 2031 accusatis
836 1968 1005 2051 tanquam
1030 1966 1168 2052 impios.
1190 1966 1262 2034 Illis
1299 1981 1301 1987 '

199 2097 316 2150 autern
337 2083 439 2167 lunge
456 2080 647 2168 optabilius
664 2080 780 2156 suerit,
801 2085 838 2148 ut
855 2081 891 2147 in
904 2081 964 2167 jus
981 2082 1095 2149 vocati
1116 2090 1262 2150 mortem

198 2206 366 2286 oppetere
388 2199 572 2265 videantur
598 2199 752 2284 probeo
774 2217 855 2279 suo,
876 2218 981 2282 quam
1005 2201 1043 2265 ut
1071 2198 1263 2268 incolumes

199 2318 420 2382 remaneant.
446 2317 498 2380 lta
522 2314 672 2380 victores
692 2314 858 2396 evadunt,
882 2314 1018 2381 animas
1043 2335 1126 2382 suas
1146 2315 1263 2402 potius

198 2430 437 2518 projicientes,
462 2450 567 2516 quam
593 2434 629 2496 ut
653 2450 696 2497 ea
720 2431 860 2511 tacere,
879 2451 958 2517 quae
976 2451 1037 2499 vos
1056 2430 1201 2517 jubetis,
1226 2432 1262 2498 in

199 2547 355 2615 animum
371 2566 472 2613 snum
488 2546 667 2614 inducant.
685 2549 844 2614 Ceterum
862 2549 904 2615 (le
920 2552 1025 2636 terrae
1040 2549 1191 2617 motibus
1203 2549 1262 2634 qui

199 2671 255 2732 vel
270 2663 352 2731 iacti
367 2671 447 2731 sunt
468 2665 519 2729 vel
537 2664 737 2730 etiamnunc
756 2664 855 2741 liunt,
870 2683 937 2731 non
956 2666 1145 2732 absurdum
1164 2665 1264 2732 vitle-

199 2786 258 2848 tur
284 2799 344 2848 vos
372 2798 594 2848 commonere
621 2779 680 2866 qui
708 2785 742 2846 et
770 2780 907 2846 animus
935 2779 1100 2866 abjicitis,
1124 2783 1262 2869 quoties

200 2896 401 2985 hujusmodi
433 2915 537 2963 casus
562 2896 792 2982 contingunt,
822 2900 856 2962 et
879 2905 996 2962 vestra
1020 2917 1098 2964 cum
1123 2897 1261 2964 illorum

200 3012 369 3080 institutis
388 3011 616 3098 comparatis.
636 3015 749 3098 Atque
765 3011 817 3077 illi
833 3011 973 3097 quidem
993 3012 1163 3099 maj0rem
1182 3020 1262 3079 tunc

200 3129 364 3196 fiduciam
386 3128 421 3195 in
446 3132 517 3196 Deo
541 3130 726 3195 collocant.
758 3131 829 3195 Vos
854 3147 938 3196 vero
962 3147 1146 3214 peremne
1175 3128 1262 3194 illud

200 3249 349 3331 tempus,
370 3265 439 3331 quo
462 3265 537 3332 prae
558 3245 736 3331 imperitia
761 3244 834 3312 labi
859 3246 944 3311 mibi
968 3243 1147 3326 videmini,
1175 3248 1262 3312 Deos

200 3360 393 3447 negligitis,
419 3366 454 3429 et
478 3369 551 3429 tum
574 3362 665 3428 alias
688 3361 910 3429 caerimonias
936 3361 1080 3448 insuper
1108 3360 1260 3443 habetis

200 3480 272 3544 tum
290 3481 419 3545 cultum
437 3476 648 3545 Immortalis
664 3477 771 3544 illius.
783 3481 826 3543 Et
840 3477 1070 3562 Christianos,
1087 3478 1147 3565 qui
1163 3477 1260 3544 illum

201 3598 427 3674 venerantur,
450 3593 639 3679 expellitis,
666 3598 701 3661 et
721 3595 766 3661 ad
793 3598 939 3660 mortem
964 3613 1074 3680 usque
1102 3593 1262 3662 infestius

200 3709 411 3796 perurgetis
440 3713 550 3777 Porro
569 3711 612 3776 de
628 3710 683 3775 his
701 3709 900 3776 hominibus
917 3709 1178 3796 provinciarum
1194 3730 1263 3778 rec·

201 3831 295 3893 tores
316 3825 402 3893 Divo
428 3825 522 3912 patri
540 3831 658 3893 nostro
678 3835 783 3893 antea
803 3826 1030 3912 scripserunt.
1052 3827 1185 3902 Quibus
1203 3827 1262 3894 ille

200 3942 381 4028 rescripsit
404 3940 575 4029 ejusmodi
594 3941 751 4008 homines
769 3942 864 4009 nullo
888 3943 1035 4010 moleste
1058 3942 1262 4010 afficiendos

201 4075 296 4134 esse,
317 4056 380 4123 nisi
407 4057 497 4126 torte
516 4063 641 4125 contra
656 4061 786 4125 statum
807 4057 944 4143 imperii
968 4057 1102 4124 romani
1129 4056 1261 4143 aliquid

201 4172 317 4239 moliri
338 4173 553 4241 viderentur.
578 4175 645 4240 Sed
669 4184 705 4240 et
729 4174 828 4240 multi
852 4193 873 4241 a
899 4193 952 4240 me
972 4175 1014 4241 de
1038 4172 1108 4240 illis
1128 4174 1261 4241 retule-

201 4291 297 4355 runt:
312 4289 437 4375 quibus
451 4308 519 4374 ego
532 4289 645 4377 patris
660 4287 728 4356 mei
740 4288 1024 4358 constitutionem
1040 4293 1177 4357 secutus
1194 4307 1262 4356 res-
