3128 4962
562 925 675 992 PARS
699 926 944 994 POSTERIOR

611 1251 655 1298 DE
678 1251 764 1300 JURE
789 1251 895 1299 CIVILI

263 1706 364 1791 Apud
388 1709 566 1773 Romanos
587 1705 739 1772 maxime
755 1705 814 1792 jus
832 1706 934 1772 civile
952 1709 1090 1781 tloruit:
1114 1708 1190 1777 imo
1202 1728 1279 1775 cnm

219 1824 405 1908 imperium
430 1823 582 1918 undique
602 1827 801 1902 corrueret,
824 1845 925 1911 paene
947 1827 1121 1893 incolume
1148 1827 1277 1895 stabat.

217 1945 262 2010 Ut
279 1942 417 2011 Graecia
439 1947 545 2028 capta
562 1943 728 2010 victorem
746 1947 941 2010 Romanum
959 1944 1087 2012 litteris
1107 1948 1142 2013 et
1158 1945 1278 2031 philo-

216 2061 344 2147 sophia
360 2064 516 2146 ceperat,
535 2059 585 2126 ita
600 2062 714 2126 Roma
729 2080 750 2126 a
765 2060 928 2127 barbaris
946 2062 1124 2128 debellata
1141 2061 1278 2147 legibus

217 2197 277 2245 eos
301 2197 422 2245 rursus
442 2174 634 2261 superavit.
659 2177 847 2244 Notatinne
869 2177 960 2244 enim
985 2176 1129 2258 dignum
1152 2181 1204 2246 est
1218 2177 1278 2264 jus

217 2295 321 2363 civile
339 2294 443 2360 aliter
460 2313 496 2360 se
513 2295 645 2362 habere
661 2285 767 2379 'siriam
786 2292 844 2376 jus
868 2293 1044 2380 publicum
1066 2297 1101 2361 et
1120 2293 1179 2381 jus
1196 2314 1277 2380 poe-

214 2411 309 2478 nale.
337 2413 420 2478 Haec
450 2411 513 2476 sub
539 2409 725 2477 immodico
749 2410 897 2496 imperio
924 2410 1122 2478 necessarie
1149 2410 1277 2479 vitiosa

216 2531 314 2605 sunt;
341 2527 428 2595 illud
449 2546 587 2613 quoquo
610 2527 714 2594 modo
738 2547 795 2593 res
818 2526 961 2613 publica
985 2531 1132 2609 regatur
1155 2528 1277 2612 vigere

193 2645 366 2732 ,potestt
396 2646 439 2710 Et
466 2643 628 2729 pessimis
653 2643 803 2711 dominis
834 2663 958 2731 parum
984 2648 1037 2711 est
1062 2643 1275 2739 obnoxium,

214 2762 307 2847 quod
323 2780 392 2827 non
412 2779 531 2826 eorum
552 2759 704 2828 licentiae
719 2761 852 2841 obstat;
875 2763 910 2827 et
927 2763 971 2829 ab
990 2761 1132 2848 optimis
1149 2761 1277 2828 colitur

212 2881 247 2945 et
267 2877 485 2944 emendatur.

257 2992 401 3076 Semper
416 2990 564 3056 Romani
577 2990 669 3074 juris
686 2989 833 3056 studiosi
848 2990 1000 3056 fuerunt.
1020 2989 1086 3064 Qui
1105 2991 1148 3056 ad
1167 2992 1276 3057 hono-

211 3127 268 3176 res
291 3107 482 3174 ascendere
498 3105 688 3192 cupiebant
705 3105 796 3171 inter
813 3108 932 3172 rostra
953 3108 988 3171 et
1008 3105 1120 3171 forum
1139 3109 1275 3192 tempus

212 3222 437 3300 dividebant;
457 3241 534 3289 cum
551 3226 667 3288 rostra
689 3224 786 3288 muta
804 3223 899 3287 facta
921 3223 1013 3300 sunt,
1032 3221 1181 3288 forensis
1200 3222 1275 3288 elo-

212 3337 358 3425 quentia
372 3338 449 3405 sola
464 3337 670 3424 permansit,
692 3357 772 3423 quae
783 3337 875 3423 juris
893 3336 1075 3404 scientiam
1093 3337 1271 3420 exigebat.

211 3456 294 3523 Cum
316 3454 362 3520 ad
381 3454 573 3540 principem
593 3453 747 3539 plurima
768 3452 913 3535 negotia
933 3471 997 3538 per
1015 3451 1271 3538 appellationes

208 3571 264 3638 vel
284 3588 424 3656 quoquo
447 3569 516 3635 alio
540 3569 642 3635 modo
665 3567 837 3640 venirent,
859 3567 919 3633 ille
940 3565 1210 3650 jurisconsultos
1234 3567 1269 3633 in

208 3684 392 3754 consilium
408 3686 574 3766 vocabat,
593 3703 680 3770 quos
695 3683 895 3770 frequenter
910 3701 1064 3752 summas
1081 3681 1271 3767 dignitates

245 3942 268 3996 l.
292 3941 466 4012 Saepissime
483 3939 572 3994 liberi
588 3940 690 4010 populi
704 3941 756 4008 jus
771 3939 862 3994 civile
874 3944 962 4010 pejus
978 3954 1068 4008 quam
1084 3940 1135 3994 alii
1153 3940 1269 3998 habue-

206 4027 300 4082 runt:
317 4025 550 4082 Atheniensium
565 4025 644 4096 apud
659 4025 863 4094 antiquiores,
880 4024 1046 4092 Anglorum
1067 4025 1146 4096 apnd
1162 4040 1268 4080 recen-

206 4113 317 4181 tiores,
344 4112 427 4174 leges
453 4110 562 4166 civiles
582 4110 643 4165 illis
666 4109 829 4165 inferiores
852 4109 948 4165 fuisse
968 4109 1105 4180 plerique
1129 4109 1270 4166 fatentur

205 4211 272 4265 quae
293 4196 350 4253 sub
369 4195 539 4252 Theodosio
554 4195 604 4250 vel
622 4194 793 4253 Justiuiano
814 4194 977 4270 imperium
999 4208 1159 4252 romanum
1175 4207 1265 4266 rege-

207 4281 290 4339 baut.
