3128 4962
555 434 598 480 uu
621 433 706 481 sunu
729 431 884 480 curamue.
1203 404 1242 471 61

237 554 436 631 Quinetiam
463 554 659 622 sinensium
688 553 845 620 historiae
879 551 1075 618 memorant
1100 566 1247 615 munera

191 669 296 736 missa
319 697 324 734 :
343 673 361 736 b
377 675 546 738 Aontoua
564 668 769 758 (Antonino)
783 685 867 752 rege
888 667 932 733 ad
950 663 1114 732 Hiouanti
1130 663 1246 749 impe-

191 792 358 870 ratorem,
372 805 463 852 anno
478 790 558 872 post
573 787 653 853 Cbr.
668 804 703 851 n.
722 783 795 850 166.
811 787 943 851 Forsan
961 787 1079 849 tamen
1095 778 1153 865 qui
1170 781 1247 845 baec

190 922 338 972 munera
365 905 542 988 ferebant,
562 922 600 970 se
620 904 758 988 legatos
783 901 1026 988 praedicabant
1050 903 1086 965 ut
1108 894 1246 963 facilius

190 1021 259 1089 iter
278 1021 519 1089 conficerentr.

532 1246 550 1329 ᾖ
574 1243 607 1310 9.
633 1279 675 1292 -
698 1243 900 1327 Depoenia

236 1440 337 1527 Apud
358 1441 535 1508 Romanos
558 1458 695 1526 semper
721 1440 817 1524 leges
845 1438 1003 1525 poenales
1030 1437 1245 1523 imperfectae

191 1555 352 1636 suerunt3
377 1562 429 1639 et,
457 1556 616 1642 quamvis
643 1559 688 1622 M.
716 1555 911 1623 Antoninus
945 1556 1099 1642 benigna
1128 1556 1244 1624 indole

192 1679 282 1755 erat,
301 1676 336 1740 et
354 1673 389 1739 iu
406 1673 645 1758 singularibus
661 1672 799 1739 casibus
822 1671 1147 1754 clementissimusi,
1166 1691 1244 1757 quae

191 1789 405 1874 generaliter
424 1788 603 1856 constituit
624 1807 873 1873 nonnunquam
895 1787 1054 1871 duriora,
1081 1796 1118 1854 ut
1143 1787 1245 1855 bodie

190 1903 343 1987 videtur,
365 1904 516 1971 fuerunt.

236 2021 423 2088 Servorum
441 2019 650 2104 quaestiones
671 2019 776 2106 hujus
796 2019 943 2087 saevitiae
964 2020 1126 2106 exempla
1145 2019 1245 2087 nobis

191 2137 353 2203 afferunt.
377 2138 553 2203 Romanos
568 2154 636 2203 non
654 2135 838 2220 ignorasse
857 2154 962 2220 quam
979 2154 1104 2220 parum
1121 2154 1245 2202 secura

190 2253 253 2320 illa
279 2252 371 2320 ratio
394 2251 553 2318 veritatis
576 2252 776 2337 quaerendae
796 2256 899 2333 esset,
926 2251 1161 2326 Quintilianus
1182 2251 1246 2317 de-

190 2371 395 2434 monstrati.
419 2369 583 2433 Attamen
608 2366 782 2453 TraJ'anus
805 2367 1031 2452 quaestionem
1061 2366 1106 2434 ad
1135 2385 1244 2433 novos

190 2502 293 2550 casus
309 2483 546 2570 protulerat&
567 2483 761 2550 Antoninus
780 2483 919 2568 quidem
938 2483 1021 2550 Pius
1042 2502 1120 2550 eam
1143 2481 1243 2568 quasi

189 2601 367 2667 reluctans
383 2601 622 2666 servaverati.
640 2602 684 2665 M.
704 2599 866 2682 Aurelius
884 2605 921 2690 et
934 2602 972 2666 L.
989 2601 1102 2666 Verus
1119 2601 1161 2668 de
1178 2599 1245 2666 uti·

190 2715 290 2784 litate
307 2720 560 2784 tormentorum
577 2715 737 2782 dubitare
754 2734 824 2782 non
840 2716 1001 2783 videntur
1019 2736 1027 2781 ε
1048 2739 1064 2778 <<
1079 2718 1150 2784 Nec
1166 2735 1244 2783 ser-

193 2852 255 2899 vus
288 2831 480 2900 communis
506 2831 678 2913 civitatis,
708 2831 759 2898 ait
783 2831 998 2913 Marcianus
1026 2831 1244 2915 singulorum

228 3027 252 3083 1.
271 3027 432 3096 Letronnc‚
455 3029 545 3082 Me'm.
568 3032 606 3083 rte
624 3029 742 3082 l’Acad.
767 3031 821 3082 das
845 3029 988 3095 inscript.
1012 3032 1040 3082 at
1059 3030 1094 3082 Β.
1117 3030 1244 3092 Lettres,

189 3125 280 3167 nouv.
297 3112 378 3168 serie
389 3114 426 3180 X,
441 3127 470 3182 p.
488 3110 775 3179 mummolenum,
791 3127 838 3180 op.
855 3113 904 3166 cit.
921 3112 953 3180 11,
967 3128 997 3183 p.
1013 3109 1075 3167 375.
1312 3181 1317 3187 ¹

224 3195 250 3252 2.
266 3215 281 3250 «
299 3197 373 3251 Erat
394 3211 459 3252 mos
474 3197 533 3252 iste
550 3197 702 3253 Antonino
716 3199 751 3251 ut
768 3197 871 3252 omnia
885 3197 1014 3252 crimina
1035 3197 1152 3252 minore
1170 3212 1242 3268 sup-

188 3281 280 3354 plicio
300 3296 390 3351 quam
412 3280 532 3350 legibus
552 3281 646 3352 plecti
666 3281 780 3350 solent,
796 3282 959 3352 puniret.»
975 3282 1103 3354 Capitol.
1120 3284 1160 3338 M.
1174 3286 1242 3338 Ant.

189 3368 272 3422 Phil.
287 3364 332 3422 24.

223 3451 249 3508 3.
270 3467 285 3505 <t
301 3451 386 3507 Sicut
404 3451 435 3506 in
457 3450 620 3506 tormentis
640 3464 767 3519 quoque,
789 3452 840 3520 qui
859 3451 906 3508 est
926 3452 1009 3508 locus
1030 3451 1243 3521 frequentissi-

188 3551 279 3592 mus:
296 3550 365 3591 cum
383 3549 457 3607 pars
479 3535 578 3591 altera
592 3537 791 3605 quaestionem
804 3551 879 3591 vera
895 3538 1013 3593 fatendi
1030 3538 1244 3594 necessitatem

188 3621 288 3690 vocet,
305 3621 405 3675 altera
422 3634 502 3691 saepe
515 3621 609 3676 etiam
624 3635 749 3676 cansam
767 3621 846 3676 falsa
863 3620 993 3688 dicendi,
1008 3622 1087 3691 quod
1103 3623 1172 3677 aliis
1188 3638 1243 3694 pa-

187 3704 298 3758 tientia
312 3704 402 3759 facile
421 3704 613 3759 mendacium
636 3704 740 3772 faciat,
757 3705 827 3761 aliis
842 3706 1005 3761 infirmitas
1026 3707 1242 3762 necessarium.

188 3787 265 3850 Quid
286 3790 398 3845 attinet
419 3789 456 3844 de
477 3790 524 3844 his
539 3789 648 3860 plura?
669 3792 772 3846 Pteme
790 3793 1030 3847 scelerationes
1051 3797 1189 3847 ceterum
1207 3807 1244 3849 ac

188 3889 346 3930 noemam.
364 3892 378 3928 »
391 3877 464 3929 Inst.
481 3890 527 3930 or.
544 3876 578 3943 V,
596 3874 622 3944 4,
639 3875 663 3930 1.

223 3957 249 4015 4.
271 3960 336 4015 Vid.
353 3960 372 4014 l.
392 3960 415 4028 1,
427 3961 473 4029 Ι).,
489 3959 533 4029 48,
551 3959 634 4027 18;1.
652 3958 721 4028 1115
739 3960 762 4028 1,
778 3959 876 4030 Ι).,29,
890 3959 917 4016 5.

222 4041 249 4098 5.
270 4059 285 4096 <‹
298 4043 392 4099 Divus
406 4045 477 4099 Pius
488 4045 648 4115 rescripsit
657 4059 746 4115 posse
759 4045 796 4100 de
814 4046 912 4101 servis
925 4046 1031 4101 haberi
1044 4045 1242 4114 quaestionem

188 4127 219 4182 in
232 4129 411 4198 pecuniaria
425 4143 526 4196 causa,
539 4130 568 4190 si
582 4131 673 4184 aliter
685 4132 801 4184 veritas
817 4131 953 4185 inveniri
972 4145 1032 4185 non
1041 4132 1152 4197 possit,
1165 4129 1244 4198 quod

187 4213 220 4268 et
237 4214 307 4269 aliis
325 4213 484 4286 rescriptis
503 4218 664 4270 cavetur...
679 4232 694 4268 »
710 4216 739 4270 L.
761 4213 792 4284 9,
814 4217 859 4283 Ι).,
880 4219 918 4269 de
936 4220 1040 4286 quaert.
1060 4214 1112 4284 48,
1135 4213 1177 4271 lb.
1199 4215 1242 4272 cf.

188 4297 208 4354 l.
227 4297 251 4368 1,
266 4297 280 4363 S
297 4297 341 4368 13,
356 4302 423 4354 eod.
437 4301 493 4370 tila
509 4299 529 4355 l.
547 4298 571 4368 1,
587 4298 600 4365 S
615 4296 642 4370 5,
658 4303 696 4356 de
708 4302 774 4356 Scto
789 4300 962 4367 Silaniano,
976 4298 1021 4371 ab,
1035 4297 1062 4355 5.
