<?xml version="1.0" encoding="UTF-8"?>
<!DOCTYPE html PUBLIC "-//W3C//DTD XHTML 1.0 Transitional//EN"
    "http://www.w3.org/TR/xhtml1/DTD/xhtml1-transitional.dtd">
<html xmlns="http://www.w3.org/1999/xhtml" xml:lang="en" lang="en">
 <head>
  <title>
</title>
<meta http-equiv="Content-Type" content="text/html;charset=utf-8" />
  <meta name='ocr-system' content='tesseract 3.04.00' />
  <meta name='ocr-capabilities' content='ocr_page ocr_carea ocr_par ocr_line ocrx_word'/>
</head>
<body>
  <div class='ocr_page' id='page_1' title='image "./deconstitutioni00dumgoog_0026.png"; bbox 0 0 3114 4958; ppageno 0'>
   <div class='ocr_carea' id='block_1_1' title="bbox 579 379 1276 454">
    <p class='ocr_par' dir='ltr' id='par_1_1' title="bbox 579 379 1276 454">
     <span class='ocr_line' id='line_1_1' title="bbox 579 379 1276 454; baseline -0.01 -2"><span class='ocrx_word' id='word_1_1' title='bbox 579 405 623 452; x_wconf 80' lang='lat' dir='ltr'>mc</span> <span class='ocrx_word' id='word_1_2' title='bbox 645 404 730 453; x_wconf 73' lang='lat' dir='ltr'>sunu</span> <span class='ocrx_word' id='word_1_3' title='bbox 753 403 909 454; x_wconf 76' lang='lat' dir='ltr'>eusnroo.</span> <span class='ocrx_word' id='word_1_4' title='bbox 1235 379 1276 446; x_wconf 89' lang='grc'>13</span> 
     </span>
    </p>
   </div>
   <div class='ocr_carea' id='block_1_2' title="bbox 212 523 1360 1991">
    <p class='ocr_par' dir='ltr' id='par_1_2' title="bbox 212 523 1360 1991">
     <span class='ocr_line' id='line_1_2' title="bbox 217 523 1273 616; baseline -0.004 -22"><span class='ocrx_word' id='word_1_5' title='bbox 217 528 407 615; x_wconf 88' lang='lat' dir='ltr'>adoptivo,</span> <span class='ocrx_word' id='word_1_6' title='bbox 441 527 591 596; x_wconf 80' lang='lat' dir='ltr'>Caesaris</span> <span class='ocrx_word' id='word_1_7' title='bbox 616 546 740 595; x_wconf 92' lang='lat' dir='ltr'>nomen</span> <span class='ocrx_word' id='word_1_8' title='bbox 769 525 952 616; x_wconf 83' lang='lat' dir='ltr'>imposuit,</span> <span class='ocrx_word' id='word_1_9' title='bbox 977 543 1125 612; x_wconf 88' lang='lat' dir='ltr'>eumque</span> <span class='ocrx_word' id='word_1_10' title='bbox 1153 524 1205 592; x_wconf 91' lang='lat' dir='ltr'>ita</span> <span class='ocrx_word' id='word_1_11' title='bbox 1226 523 1273 593; x_wconf 90' lang='lat' dir='ltr'>ad</span> 
     </span>
     <span class='ocr_line' id='line_1_3' title="bbox 216 641 1276 731; baseline 0 -23"><span class='ocrx_word' id='word_1_12' title='bbox 216 642 452 731; x_wconf 82' lang='lat' dir='ltr'>principatum</span> <span class='ocrx_word' id='word_1_13' title='bbox 470 644 688 729; x_wconf 81' lang='lat' dir='ltr'>designavit3</span> <span class='ocrx_word' id='word_1_14' title='bbox 719 662 869 730; x_wconf 86' lang='lat' dir='ltr'>namque</span> <span class='ocrx_word' id='word_1_15' title='bbox 886 645 950 714; x_wconf 90' lang='lat' dir='ltr'>hoc</span> <span class='ocrx_word' id='word_1_16' title='bbox 968 659 1091 710; x_wconf 88' lang='lat' dir='ltr'>nomen</span> <span class='ocrx_word' id='word_1_17' title='bbox 1114 661 1136 708; x_wconf 90' lang='lat' dir='ltr'>a</span> <span class='ocrx_word' id='word_1_18' title='bbox 1154 641 1276 709; x_wconf 87' lang='lat' dir='ltr'>Galbae</span> 
     </span>
     <span class='ocr_line' id='line_1_4' title="bbox 215 745 1275 858; baseline -0.001 -33"><span class='ocrx_word' id='word_1_19' title='bbox 215 760 432 848; x_wconf 85' lang='lat' dir='ltr'>temporibus</span> <span class='ocrx_word' id='word_1_20' title='bbox 456 759 564 827; x_wconf 89' lang='lat' dir='ltr'>veluti</span> <span class='ocrx_word' id='word_1_21' title='bbox 591 760 775 858; x_wconf 81' lang='lat' dir='ltr'>dignitatis</span> <span class='ocrx_word' id='word_1_22' title='bbox 802 759 936 842; x_wconf 86' lang='lat' dir='ltr'>titulus,</span> <span class='ocrx_word' id='word_1_23' title='bbox 962 759 1178 826; x_wconf 88' lang='lat' dir='ltr'>solummodo</span> <span class='ocrx_word' id='word_1_24' title='bbox 1199 745 1275 824; x_wconf 77' lang='lat' dir='ltr'>A&#39;u-</span> 
     </span>
     <span class='ocr_line' id='line_1_5' title="bbox 215 874 1360 963; baseline -0.003 -21"><span class='ocrx_word' id='word_1_25' title='bbox 215 876 310 962; x_wconf 87' lang='lat' dir='ltr'>gusti</span> <span class='ocrx_word' id='word_1_26' title='bbox 326 875 459 946; x_wconf 90' lang='lat' dir='ltr'>nomini</span> <span class='ocrx_word' id='word_1_27' title='bbox 478 875 648 958; x_wconf 85' lang='lat' dir='ltr'>inferior,</span> <span class='ocrx_word' id='word_1_28' title='bbox 668 895 689 942; x_wconf 99' lang='lat' dir='ltr'>a</span> <span class='ocrx_word' id='word_1_29' title='bbox 708 874 924 963; x_wconf 89' lang='lat' dir='ltr'>principibus</span> <span class='ocrx_word' id='word_1_30' title='bbox 946 879 1162 962; x_wconf 90' lang='lat' dir='ltr'>assumptum</span> <span class='ocrx_word' id='word_1_31' title='bbox 1183 875 1273 941; x_wconf 90' lang='lat' dir='ltr'>erat.</span> <span class='ocrx_word' id='word_1_32' title='bbox 1358 950 1360 954; x_wconf 23' lang='lat'>¹</span> 
     </span>
     <span class='ocr_line' id='line_1_6' title="bbox 215 991 1273 1086; baseline -0.003 -28"><span class='ocrx_word' id='word_1_33' title='bbox 215 992 270 1059; x_wconf 92' lang='lat' dir='ltr'>Ad</span> <span class='ocrx_word' id='word_1_34' title='bbox 285 994 484 1080; x_wconf 86' lang='lat' dir='ltr'>praecipuos</span> <span class='ocrx_word' id='word_1_35' title='bbox 496 992 651 1086; x_wconf 84' lang='lat' dir='ltr'>civitatis</span> <span class='ocrx_word' id='word_1_36' title='bbox 663 993 814 1060; x_wconf 89' lang='lat' dir='ltr'>honores</span> <span class='ocrx_word' id='word_1_37' title='bbox 826 991 1057 1080; x_wconf 86' lang='lat' dir='ltr'>perordinem</span> <span class='ocrx_word' id='word_1_38' title='bbox 1073 993 1273 1078; x_wconf 88' lang='lat' dir='ltr'>provectus,</span> 
     </span>
     <span class='ocr_line' id='line_1_7' title="bbox 215 1105 1274 1196; baseline -0.003 -20"><span class='ocrx_word' id='word_1_39' title='bbox 215 1114 254 1176; x_wconf 91' lang='lat' dir='ltr'>ut</span> <span class='ocrx_word' id='word_1_40' title='bbox 268 1109 405 1178; x_wconf 92' lang='lat' dir='ltr'>minora</span> <span class='ocrx_word' id='word_1_41' title='bbox 420 1109 478 1177; x_wconf 92' lang='lat' dir='ltr'>hic</span> <span class='ocrx_word' id='word_1_42' title='bbox 496 1109 674 1191; x_wconf 90' lang='lat' dir='ltr'>omittam,</span> <span class='ocrx_word' id='word_1_43' title='bbox 696 1105 1168 1196; x_wconf 69' lang='lat' dir='ltr'>tribunitiam2potestatem,</span> <span class='ocrx_word' id='word_1_44' title='bbox 1187 1125 1274 1193; x_wconf 90' lang='lat' dir='ltr'>pro-</span> 
     </span>
     <span class='ocr_line' id='line_1_8' title="bbox 214 1223 1275 1312; baseline -0.001 -21"><span class='ocrx_word' id='word_1_45' title='bbox 214 1227 448 1307; x_wconf 83' lang='lat' dir='ltr'>consulatum,</span> <span class='ocrx_word' id='word_1_46' title='bbox 460 1225 520 1312; x_wconf 78' lang='lat' dir='ltr'>J’us</span> <span class='ocrx_word' id='word_1_47' title='bbox 540 1225 672 1311; x_wconf 89' lang='lat' dir='ltr'>quintae</span> <span class='ocrx_word' id='word_1_48' title='bbox 687 1224 871 1292; x_wconf 84' lang='lat' dir='ltr'>relationis</span> <span class='ocrx_word' id='word_1_49' title='bbox 888 1223 1023 1311; x_wconf 89' lang='lat' dir='ltr'>accepit</span> <span class='ocrx_word' id='word_1_50' title='bbox 1046 1226 1184 1290; x_wconf 86' lang='lat' dir='ltr'>Marcus</span> <span class='ocrx_word' id='word_1_51' title='bbox 1201 1225 1275 1290; x_wconf 89' lang='lat' dir='ltr'>Au-</span> 
     </span>
     <span class='ocr_line' id='line_1_9' title="bbox 214 1337 1274 1426; baseline -0.001 -20"><span class='ocrx_word' id='word_1_52' title='bbox 214 1342 360 1424; x_wconf 79' lang='lat' dir='ltr'>reliusl,</span> <span class='ocrx_word' id='word_1_53' title='bbox 385 1360 454 1408; x_wconf 92' lang='lat' dir='ltr'>non</span> <span class='ocrx_word' id='word_1_54' title='bbox 480 1343 588 1408; x_wconf 90' lang='lat' dir='ltr'>semel</span> <span class='ocrx_word' id='word_1_55' title='bbox 617 1342 738 1409; x_wconf 87' lang='lat' dir='ltr'>consul</span> <span class='ocrx_word' id='word_1_56' title='bbox 767 1339 972 1426; x_wconf 84' lang='lat' dir='ltr'>designatus</span> <span class='ocrx_word' id='word_1_57' title='bbox 1000 1342 1067 1419; x_wconf 90' lang='lat' dir='ltr'>est;</span> <span class='ocrx_word' id='word_1_58' title='bbox 1096 1357 1174 1406; x_wconf 92' lang='lat' dir='ltr'>eum</span> <span class='ocrx_word' id='word_1_59' title='bbox 1197 1337 1274 1425; x_wconf 77' lang='lat' dir='ltr'>J&#39;am</span> 
     </span>
     <span class='ocr_line' id='line_1_10' title="bbox 214 1453 1274 1542; baseline 0 -22"><span class='ocrx_word' id='word_1_60' title='bbox 214 1457 481 1538; x_wconf 78' lang='lat' dir='ltr'>imperatorem</span> <span class='ocrx_word' id='word_1_61' title='bbox 507 1459 637 1524; x_wconf 86' lang='lat' dir='ltr'>Fronto</span> <span class='ocrx_word' id='word_1_62' title='bbox 674 1455 843 1537; x_wconf 87' lang='lat' dir='ltr'>nominat,</span> <span class='ocrx_word' id='word_1_63' title='bbox 875 1474 979 1541; x_wconf 90' lang='lat' dir='ltr'>quam</span> <span class='ocrx_word' id='word_1_64' title='bbox 1002 1453 1274 1542; x_wconf 87' lang='lat' dir='ltr'>appellationem</span> 
     </span>
     <span class='ocr_line' id='line_1_11' title="bbox 214 1569 1273 1659; baseline -0.003 -21"><span class='ocrx_word' id='word_1_65' title='bbox 214 1571 321 1638; x_wconf 90' lang='lat' dir='ltr'>etiam</span> <span class='ocrx_word' id='word_1_66' title='bbox 343 1591 467 1659; x_wconf 85' lang='lat' dir='ltr'>paucae</span> <span class='ocrx_word' id='word_1_67' title='bbox 493 1571 750 1658; x_wconf 86' lang='lat' dir='ltr'>inscriptiones,</span> <span class='ocrx_word' id='word_1_68' title='bbox 777 1570 862 1638; x_wconf 91' lang='lat' dir='ltr'>nulli</span> <span class='ocrx_word' id='word_1_69' title='bbox 889 1577 1024 1652; x_wconf 88' lang='lat' dir='ltr'>tamen,</span> <span class='ocrx_word' id='word_1_70' title='bbox 1053 1576 1091 1636; x_wconf 89' lang='lat' dir='ltr'>ut</span> <span class='ocrx_word' id='word_1_71' title='bbox 1117 1569 1273 1648; x_wconf 87' lang='lat' dir='ltr'>videtur,</span> 
     </span>
     <span class='ocr_line' id='line_1_12' title="bbox 213 1685 1274 1774; baseline 0 -22"><span class='ocrx_word' id='word_1_72' title='bbox 213 1687 364 1770; x_wconf 92' lang='lat' dir='ltr'>nummi,</span> <span class='ocrx_word' id='word_1_73' title='bbox 382 1690 502 1756; x_wconf 91' lang='lat' dir='ltr'>eodem</span> <span class='ocrx_word' id='word_1_74' title='bbox 522 1692 680 1774; x_wconf 90' lang='lat' dir='ltr'>tempore</span> <span class='ocrx_word' id='word_1_75' title='bbox 697 1687 851 1754; x_wconf 66' lang='lat' dir='ltr'>terente.</span> <span class='ocrx_word' id='word_1_76' title='bbox 870 1689 940 1754; x_wconf 92' lang='lat' dir='ltr'>Nec</span> <span class='ocrx_word' id='word_1_77' title='bbox 957 1687 1135 1770; x_wconf 82' lang='lat' dir='ltr'>Augustus</span> <span class='ocrx_word' id='word_1_78' title='bbox 1161 1685 1274 1752; x_wconf 85' lang='lat' dir='ltr'>lactus</span> 
     </span>
     <span class='ocr_line' id='line_1_13' title="bbox 213 1783 1274 1894; baseline -0.001 -20"><span class='ocrx_word' id='word_1_79' title='bbox 213 1811 372 1874; x_wconf 88' lang='lat' dir='ltr'>estante</span> <span class='ocrx_word' id='word_1_80' title='bbox 400 1783 514 1894; x_wconf 88' lang='lat' dir='ltr'>patris</span> <span class='ocrx_word' id='word_1_81' title='bbox 538 1811 699 1874; x_wconf 89' lang='lat' dir='ltr'>mortem.</span> <span class='ocrx_word' id='word_1_82' title='bbox 719 1806 805 1882; x_wconf 86' lang='lat' dir='ltr'>Quae</span> <span class='ocrx_word' id='word_1_83' title='bbox 830 1804 949 1874; x_wconf 90' lang='lat' dir='ltr'>omnia</span> <span class='ocrx_word' id='word_1_84' title='bbox 975 1803 1063 1870; x_wconf 90' lang='lat' dir='ltr'>nihil</span> <span class='ocrx_word' id='word_1_85' title='bbox 1093 1805 1274 1890; x_wconf 82' lang='lat' dir='ltr'>singulare</span> 
     </span>
     <span class='ocr_line' id='line_1_14' title="bbox 212 1924 529 1991; baseline 0 -1"><span class='ocrx_word' id='word_1_86' title='bbox 212 1943 299 1991; x_wconf 90' lang='lat' dir='ltr'>sane</span> <span class='ocrx_word' id='word_1_87' title='bbox 317 1924 529 1990; x_wconf 66' lang='lat' dir='ltr'>habebantl.</span> 
     </span>
    </p>
   </div>
   <div class='ocr_carea' id='block_1_3' title="bbox 203 2038 1273 2475">
    <p class='ocr_par' dir='ltr' id='par_1_3' title="bbox 203 2038 1273 2475">
     <span class='ocr_line' id='line_1_15' title="bbox 257 2038 1273 2122; baseline 0 -16"><span class='ocrx_word' id='word_1_88' title='bbox 257 2041 314 2122; x_wconf 89' lang='lat' dir='ltr'>At,</span> <span class='ocrx_word' id='word_1_89' title='bbox 329 2039 387 2107; x_wconf 91' lang='lat' dir='ltr'>ubi</span> <span class='ocrx_word' id='word_1_90' title='bbox 400 2038 483 2107; x_wconf 89' lang='lat' dir='ltr'>Pius</span> <span class='ocrx_word' id='word_1_91' title='bbox 493 2039 567 2106; x_wconf 88' lang='lat' dir='ltr'>vita</span> <span class='ocrx_word' id='word_1_92' title='bbox 579 2039 762 2122; x_wconf 89' lang='lat' dir='ltr'>concessit,</span> <span class='ocrx_word' id='word_1_93' title='bbox 777 2057 870 2110; x_wconf 87' lang='lat' dir='ltr'>nova</span> <span class='ocrx_word' id='word_1_94' title='bbox 885 2041 1054 2120; x_wconf 84' lang='lat' dir='ltr'>hactenus</span> <span class='ocrx_word' id='word_1_95' title='bbox 1067 2043 1102 2106; x_wconf 89' lang='lat' dir='ltr'>et</span> <span class='ocrx_word' id='word_1_96' title='bbox 1112 2038 1273 2106; x_wconf 83' lang='lat' dir='ltr'>inaudite</span> 
     </span>
     <span class='ocr_line' id='line_1_16' title="bbox 211 2155 1272 2243; baseline -0.001 -20"><span class='ocrx_word' id='word_1_97' title='bbox 211 2175 359 2223; x_wconf 90' lang='lat' dir='ltr'>summae</span> <span class='ocrx_word' id='word_1_98' title='bbox 375 2156 559 2243; x_wconf 89' lang='lat' dir='ltr'>potestatis</span> <span class='ocrx_word' id='word_1_99' title='bbox 571 2155 715 2242; x_wconf 90' lang='lat' dir='ltr'>partitio</span> <span class='ocrx_word' id='word_1_100' title='bbox 729 2155 823 2222; x_wconf 83' lang='lat' dir='ltr'>facta</span> <span class='ocrx_word' id='word_1_101' title='bbox 834 2159 905 2236; x_wconf 88' lang='lat' dir='ltr'>est;</span> <span class='ocrx_word' id='word_1_102' title='bbox 926 2174 1005 2222; x_wconf 91' lang='lat' dir='ltr'>nam</span> <span class='ocrx_word' id='word_1_103' title='bbox 1022 2159 1158 2223; x_wconf 87' lang='lat' dir='ltr'>Marcus</span> <span class='ocrx_word' id='word_1_104' title='bbox 1171 2175 1272 2242; x_wconf 90' lang='lat' dir='ltr'>aequo</span> 
     </span>
     <span class='ocr_line' id='line_1_17' title="bbox 203 2270 1271 2359; baseline -0.004 -19"><span class='ocrx_word' id='word_1_105' title='bbox 203 2271 289 2359; x_wconf 77' lang='lat' dir='ltr'>,jure</span> <span class='ocrx_word' id='word_1_106' title='bbox 303 2272 370 2341; x_wconf 86' lang='lat' dir='ltr'>sibi</span> <span class='ocrx_word' id='word_1_107' title='bbox 385 2270 600 2340; x_wconf 86' lang='lat' dir='ltr'>consociavit</span> <span class='ocrx_word' id='word_1_108' title='bbox 615 2272 773 2354; x_wconf 87' lang='lat' dir='ltr'>fratrem,</span> <span class='ocrx_word' id='word_1_109' title='bbox 792 2273 828 2338; x_wconf 91' lang='lat' dir='ltr'>L.</span> <span class='ocrx_word' id='word_1_110' title='bbox 840 2273 1003 2340; x_wconf 66' lang='lat' dir='ltr'>Verumi.</span> <span class='ocrx_word' id='word_1_111' title='bbox 1015 2271 1174 2339; x_wconf 87' lang='lat' dir='ltr'>Tiberius</span> <span class='ocrx_word' id='word_1_112' title='bbox 1190 2271 1271 2357; x_wconf 92' lang='lat' dir='ltr'>qui-</span> 
     </span>
     <span class='ocr_line' id='line_1_18' title="bbox 211 2387 1272 2475; baseline -0.003 -19"><span class='ocrx_word' id='word_1_113' title='bbox 211 2389 310 2471; x_wconf 91' lang='lat' dir='ltr'>dem,</span> <span class='ocrx_word' id='word_1_114' title='bbox 332 2388 496 2475; x_wconf 85' lang='lat' dir='ltr'>&#39;litusque</span> <span class='ocrx_word' id='word_1_115' title='bbox 516 2393 550 2456; x_wconf 91' lang='lat' dir='ltr'>et</span> <span class='ocrx_word' id='word_1_116' title='bbox 565 2387 672 2455; x_wconf 89' lang='lat' dir='ltr'>ceteri</span> <span class='ocrx_word' id='word_1_117' title='bbox 696 2408 719 2455; x_wconf 91' lang='lat' dir='ltr'>a</span> <span class='ocrx_word' id='word_1_118' title='bbox 741 2388 965 2475; x_wconf 88' lang='lat' dir='ltr'>parentibus,</span> <span class='ocrx_word' id='word_1_119' title='bbox 992 2391 1153 2475; x_wconf 90' lang='lat' dir='ltr'>utsupra</span> <span class='ocrx_word' id='word_1_120' title='bbox 1177 2387 1272 2454; x_wconf 87' lang='lat' dir='ltr'>dixi-</span> 
     </span>
    </p>
   </div>
   <div class='ocr_carea' id='block_1_4' title="bbox 208 2503 1273 3035">
    <p class='ocr_par' dir='ltr' id='par_1_4' title="bbox 208 2503 1273 3035">
     <span class='ocr_line' id='line_1_19' title="bbox 211 2503 1273 2591; baseline -0.002 -21"><span class='ocrx_word' id='word_1_121' title='bbox 211 2523 301 2586; x_wconf 77' lang='lat' dir='ltr'>muS,</span> <span class='ocrx_word' id='word_1_122' title='bbox 320 2504 366 2571; x_wconf 88' lang='lat' dir='ltr'>ad</span> <span class='ocrx_word' id='word_1_123' title='bbox 378 2515 510 2572; x_wconf 84' lang='lat' dir='ltr'>certem</span> <span class='ocrx_word' id='word_1_124' title='bbox 527 2503 748 2571; x_wconf 89' lang='lat' dir='ltr'>auctoritatis</span> <span class='ocrx_word' id='word_1_125' title='bbox 761 2508 898 2591; x_wconf 89' lang='lat' dir='ltr'>partem</span> <span class='ocrx_word' id='word_1_126' title='bbox 912 2505 1143 2572; x_wconf 85' lang='lat' dir='ltr'>exercendam</span> <span class='ocrx_word' id='word_1_127' title='bbox 1157 2503 1273 2572; x_wconf 84' lang='lat' dir='ltr'>vocati</span> 
     </span>
     <span class='ocr_line' id='line_1_20' title="bbox 210 2619 1269 2705; baseline -0.001 -18"><span class='ocrx_word' id='word_1_128' title='bbox 210 2626 324 2701; x_wconf 89' lang='lat' dir='ltr'>erant,</span> <span class='ocrx_word' id='word_1_129' title='bbox 341 2639 518 2705; x_wconf 83' lang='lat' dir='ltr'>nunquam</span> <span class='ocrx_word' id='word_1_130' title='bbox 534 2639 616 2687; x_wconf 88' lang='lat' dir='ltr'>vero</span> <span class='ocrx_word' id='word_1_131' title='bbox 645 2621 689 2687; x_wconf 83' lang='lat' dir='ltr'>ab</span> <span class='ocrx_word' id='word_1_132' title='bbox 707 2620 750 2687; x_wconf 92' lang='lat' dir='ltr'>iis</span> <span class='ocrx_word' id='word_1_133' title='bbox 778 2619 927 2705; x_wconf 82' lang='lat' dir='ltr'>Augusti</span> <span class='ocrx_word' id='word_1_134' title='bbox 945 2624 980 2688; x_wconf 89' lang='lat' dir='ltr'>et</span> <span class='ocrx_word' id='word_1_135' title='bbox 996 2620 1144 2705; x_wconf 79' lang='lat' dir='ltr'>collegae</span> <span class='ocrx_word' id='word_1_136' title='bbox 1173 2619 1269 2686; x_wconf 84' lang='lat' dir='ltr'>lacti.</span> 
     </span>
     <span class='ocr_line' id='line_1_21' title="bbox 210 2735 1272 2822; baseline -0.001 -20"><span class='ocrx_word' id='word_1_137' title='bbox 210 2737 324 2811; x_wconf 84' lang='lat' dir='ltr'>Quam</span> <span class='ocrx_word' id='word_1_138' title='bbox 341 2735 533 2803; x_wconf 88' lang='lat' dir='ltr'>novitatem</span> <span class='ocrx_word' id='word_1_139' title='bbox 553 2738 689 2803; x_wconf 91' lang='lat' dir='ltr'>tantum</span> <span class='ocrx_word' id='word_1_140' title='bbox 715 2736 870 2822; x_wconf 89' lang='lat' dir='ltr'>aequales</span> <span class='ocrx_word' id='word_1_141' title='bbox 887 2735 1005 2802; x_wconf 91' lang='lat' dir='ltr'>mirati</span> <span class='ocrx_word' id='word_1_142' title='bbox 1025 2739 1105 2802; x_wconf 89' lang='lat' dir='ltr'>sunt</span> <span class='ocrx_word' id='word_1_143' title='bbox 1124 2739 1163 2802; x_wconf 91' lang='lat' dir='ltr'>ut</span> <span class='ocrx_word' id='word_1_144' title='bbox 1186 2754 1272 2802; x_wconf 90' lang='lat' dir='ltr'>auo-</span> 
     </span>
     <span class='ocr_line' id='line_1_22' title="bbox 209 2851 1268 2938; baseline -0.001 -20"><span class='ocrx_word' id='word_1_145' title='bbox 209 2851 346 2920; x_wconf 90' lang='lat' dir='ltr'>toribus</span> <span class='ocrx_word' id='word_1_146' title='bbox 362 2851 570 2938; x_wconf 87' lang='lat' dir='ltr'>quibusdam</span> <span class='ocrx_word' id='word_1_147' title='bbox 582 2851 618 2919; x_wconf 93' lang='lat' dir='ltr'>id</span> <span class='ocrx_word' id='word_1_148' title='bbox 633 2851 733 2938; x_wconf 88' lang='lat' dir='ltr'>quasi</span> <span class='ocrx_word' id='word_1_149' title='bbox 747 2851 892 2920; x_wconf 88' lang='lat' dir='ltr'>alterius</span> <span class='ocrx_word' id='word_1_150' title='bbox 907 2852 1114 2919; x_wconf 76' lang='lat' dir='ltr'>saeculorum</span> <span class='ocrx_word' id='word_1_151' title='bbox 1135 2851 1268 2920; x_wconf 87' lang='lat' dir='ltr'>ordinis</span> 
     </span>
     <span class='ocr_line' id='line_1_23' title="bbox 208 2967 552 3035; baseline -0.003 -1"><span class='ocrx_word' id='word_1_152' title='bbox 208 2967 349 3035; x_wconf 89' lang='lat' dir='ltr'>initium</span> <span class='ocrx_word' id='word_1_153' title='bbox 366 2967 478 3035; x_wconf 89' lang='lat' dir='ltr'>visum</span> <span class='ocrx_word' id='word_1_154' title='bbox 495 2967 552 3034; x_wconf 90' lang='lat' dir='ltr'>sit.</span> 
     </span>
    </p>
   </div>
   <div class='ocr_carea' id='block_1_5' title="bbox 181 3161 1271 4002">
    <p class='ocr_par' dir='ltr' id='par_1_5' title="bbox 181 3161 1271 4002">
     <span class='ocr_line' id='line_1_24' title="bbox 208 3161 1269 3235; baseline -0.001 -16"><span class='ocrx_word' id='word_1_155' title='bbox 208 3163 339 3235; x_wconf 87' lang='lat' dir='ltr'>Capitol.</span> <span class='ocrx_word' id='word_1_156' title='bbox 354 3164 395 3218; x_wconf 87' lang='lat' dir='ltr'>M.</span> <span class='ocrx_word' id='word_1_157' title='bbox 406 3167 474 3219; x_wconf 84' lang='lat' dir='ltr'>Ant.</span> <span class='ocrx_word' id='word_1_158' title='bbox 489 3164 582 3233; x_wconf 72' lang='lat' dir='ltr'>Phil,</span> <span class='ocrx_word' id='word_1_159' title='bbox 598 3161 629 3228; x_wconf 81' lang='lat'>5;</span> <span class='ocrx_word' id='word_1_160' title='bbox 645 3166 711 3218; x_wconf 85' lang='lat' dir='ltr'>Ver.</span> <span class='ocrx_word' id='word_1_161' title='bbox 727 3162 758 3235; x_wconf 88' lang='grc'>2;</span> <span class='ocrx_word' id='word_1_162' title='bbox 774 3163 825 3233; x_wconf 91' lang='lat' dir='ltr'>qui</span> <span class='ocrx_word' id='word_1_163' title='bbox 839 3164 898 3220; x_wconf 92' lang='lat' dir='ltr'>sibi</span> <span class='ocrx_word' id='word_1_164' title='bbox 911 3163 1095 3220; x_wconf 84' lang='lat' dir='ltr'>contradicit</span> <span class='ocrx_word' id='word_1_165' title='bbox 1106 3182 1112 3220; x_wconf 92' lang='lat'>:</span> <span class='ocrx_word' id='word_1_166' title='bbox 1122 3165 1162 3220; x_wconf 87' lang='lat' dir='ltr'>M.</span> <span class='ocrx_word' id='word_1_167' title='bbox 1172 3163 1269 3220; x_wconf 74' lang='lat' dir='ltr'>Anti</span> 
     </span>
     <span class='ocr_line' id='line_1_25' title="bbox 181 3247 828 3328; baseline 0.002 -24"><span class='ocrx_word' id='word_1_168' title='bbox 181 3319 185 3328; x_wconf 37' lang='grc' dir='ltr'>Ι</span> <span class='ocrx_word' id='word_1_169' title='bbox 208 3250 242 3304; x_wconf 88' lang='lat' dir='ltr'>et</span> <span class='ocrx_word' id='word_1_170' title='bbox 255 3249 322 3303; x_wconf 85' lang='lat' dir='ltr'>Ver.</span> <span class='ocrx_word' id='word_1_171' title='bbox 337 3247 364 3304; x_wconf 89' lang='grc'>3.</span> <span class='ocrx_word' id='word_1_172' title='bbox 380 3249 424 3304; x_wconf 84' lang='lat' dir='ltr'>Cf.</span> <span class='ocrx_word' id='word_1_173' title='bbox 442 3249 596 3320; x_wconf 83' lang='lat' dir='ltr'>spartian.</span> <span class='ocrx_word' id='word_1_174' title='bbox 613 3251 767 3304; x_wconf 82' lang='lat' dir='ltr'>Hadrian.</span> <span class='ocrx_word' id='word_1_175' title='bbox 784 3247 828 3305; x_wconf 93' lang='grc'>22.</span> 
     </span>
     <span class='ocr_line' id='line_1_26' title="bbox 246 3331 1271 3402; baseline -0.001 -14"><span class='ocrx_word' id='word_1_176' title='bbox 246 3331 272 3388; x_wconf 82' lang='grc'>,4</span> <span class='ocrx_word' id='word_1_177' title='bbox 292 3333 360 3389; x_wconf 92' lang='lat' dir='ltr'>Vid.</span> <span class='ocrx_word' id='word_1_178' title='bbox 375 3337 409 3388; x_wconf 85' lang='lat' dir='ltr'>A.</span> <span class='ocrx_word' id='word_1_179' title='bbox 427 3333 572 3401; x_wconf 86' lang='lat' dir='ltr'>Paillard,</span> <span class='ocrx_word' id='word_1_180' title='bbox 585 3336 663 3388; x_wconf 72' lang='lat' dir='ltr'>Hice.</span> <span class='ocrx_word' id='word_1_181' title='bbox 677 3337 715 3389; x_wconf 84' lang='lat' dir='ltr'>de</span> <span class='ocrx_word' id='word_1_182' title='bbox 730 3336 761 3388; x_wconf 85' lang='lat' dir='ltr'>lo</span> <span class='ocrx_word' id='word_1_183' title='bbox 773 3335 994 3390; x_wconf 80' lang='lat' dir='ltr'>transmisston</span> <span class='ocrx_word' id='word_1_184' title='bbox 1007 3337 1050 3390; x_wconf 84' lang='lat' dir='ltr'>du</span> <span class='ocrx_word' id='word_1_185' title='bbox 1058 3335 1195 3402; x_wconf 78' lang='lat' dir='ltr'>pouvoir</span> <span class='ocrx_word' id='word_1_186' title='bbox 1210 3335 1271 3388; x_wconf 83' lang='lat' dir='ltr'>im-</span> 
     </span>
     <span class='ocr_line' id='line_1_27' title="bbox 200 3406 1236 3486; baseline 0.001 -14"><span class='ocrx_word' id='word_1_187' title='bbox 200 3417 309 3486; x_wconf 80' lang='lat' dir='ltr'>pe&#39;rial</span> <span class='ocrx_word' id='word_1_188' title='bbox 325 3416 344 3473; x_wconf 84' lang='grc' dir='ltr'><em>ἁ</em></span> <span class='ocrx_word' id='word_1_189' title='bbox 360 3419 454 3473; x_wconf 85' lang='lat' dir='ltr'>Rome</span> <span class='ocrx_word' id='word_1_190' title='bbox 465 3417 527 3474; x_wconf 81' lang='lat' dir='ltr'>etd</span> <span class='ocrx_word' id='word_1_191' title='bbox 544 3420 801 3486; x_wconf 79' lang='lat' dir='ltr'>Constantinople.</span> <span class='ocrx_word' id='word_1_192' title='bbox 813 3419 910 3486; x_wconf 89' lang='lat' dir='ltr'>Paris,</span> <span class='ocrx_word' id='word_1_193' title='bbox 929 3416 1006 3474; x_wconf 85' lang='grc'><strong>4875.</strong></span> <span class='ocrx_word' id='word_1_194' title='bbox 1232 3406 1236 3420; x_wconf 59' lang='lat'>‘</span> 
     </span>
     <span class='ocr_line' id='line_1_28' title="bbox 246 3501 1270 3571; baseline -0.001 -14"><span class='ocrx_word' id='word_1_195' title='bbox 246 3501 274 3558; x_wconf 89' lang='grc'>2.</span> <span class='ocrx_word' id='word_1_196' title='bbox 294 3504 335 3558; x_wconf 88' lang='lat' dir='ltr'>De</span> <span class='ocrx_word' id='word_1_197' title='bbox 355 3502 404 3558; x_wconf 92' lang='lat' dir='ltr'>his</span> <span class='ocrx_word' id='word_1_198' title='bbox 424 3517 483 3558; x_wconf 91' lang='lat' dir='ltr'>non</span> <span class='ocrx_word' id='word_1_199' title='bbox 505 3502 702 3558; x_wconf 88' lang='lat' dir='ltr'>exactissime</span> <span class='ocrx_word' id='word_1_200' title='bbox 726 3503 873 3560; x_wconf 83' lang='lat' dir='ltr'>disseruit</span> <span class='ocrx_word' id='word_1_201' title='bbox 892 3505 922 3559; x_wconf 84' lang='lat' dir='ltr'>E.</span> <span class='ocrx_word' id='word_1_202' title='bbox 940 3504 977 3559; x_wconf 91' lang='lat' dir='ltr'>de</span> <span class='ocrx_word' id='word_1_203' title='bbox 996 3503 1116 3558; x_wconf 89' lang='lat' dir='ltr'>Suokau</span> <span class='ocrx_word' id='word_1_204' title='bbox 1133 3509 1190 3571; x_wconf 82' lang='lat' dir='ltr'>(op.</span> <span class='ocrx_word' id='word_1_205' title='bbox 1206 3504 1270 3571; x_wconf 74' lang='lat' dir='ltr'>cit,</span> 
     </span>
     <span class='ocr_line' id='line_1_29' title="bbox 208 3585 1271 3659; baseline 0 -17"><span class='ocrx_word' id='word_1_206' title='bbox 208 3603 241 3659; x_wconf 91' lang='lat' dir='ltr'>p.</span> <span class='ocrx_word' id='word_1_207' title='bbox 259 3585 385 3650; x_wconf 82' lang='grc'><strong>443-444)</strong></span> <span class='ocrx_word' id='word_1_208' title='bbox 399 3588 454 3656; x_wconf 79' lang='lat' dir='ltr'>oui</span> <span class='ocrx_word' id='word_1_209' title='bbox 468 3601 538 3642; x_wconf 91' lang='lat' dir='ltr'>eum</span> <span class='ocrx_word' id='word_1_210' title='bbox 551 3587 589 3643; x_wconf 85' lang='lat' dir='ltr'>ab</span> <span class='ocrx_word' id='word_1_211' title='bbox 605 3587 756 3643; x_wconf 88' lang='lat' dir='ltr'>Antonino</span> <span class='ocrx_word' id='word_1_212' title='bbox 769 3589 821 3643; x_wconf 91' lang='lat' dir='ltr'>Pio</span> <span class='ocrx_word' id='word_1_213' title='bbox 837 3591 1008 3657; x_wconf 74' lang='lat' dir='ltr'>Augustum</span> <span class='ocrx_word' id='word_1_214' title='bbox 1022 3591 1158 3645; x_wconf 85' lang='lat' dir='ltr'>creatum</span> <span class='ocrx_word' id='word_1_215' title='bbox 1174 3588 1271 3643; x_wconf 85' lang='lat' dir='ltr'>luisse</span> 
     </span>
     <span class='ocr_line' id='line_1_30' title="bbox 208 3672 1270 3744; baseline 0 -16"><span class='ocrx_word' id='word_1_216' title='bbox 208 3673 391 3729; x_wconf 87' lang='lat' dir='ltr'>existimare</span> <span class='ocrx_word' id='word_1_217' title='bbox 406 3672 531 3728; x_wconf 86' lang='lat' dir='ltr'>videtur</span> <span class='ocrx_word' id='word_1_218' title='bbox 551 3674 586 3727; x_wconf 82' lang='grc' dir='ltr'>Α.</span> <span class='ocrx_word' id='word_1_219' title='bbox 607 3675 640 3727; x_wconf 87' lang='lat' dir='ltr'>D.</span> <span class='ocrx_word' id='word_1_220' title='bbox 662 3672 721 3729; x_wconf 84' lang='grc'><strong>448.</strong></span> <span class='ocrx_word' id='word_1_221' title='bbox 738 3703 772 3712; x_wconf 93' lang='grc'>-</span> <span class='ocrx_word' id='word_1_222' title='bbox 789 3673 832 3729; x_wconf 83' lang='lat' dir='ltr'>ct.</span> <span class='ocrx_word' id='word_1_223' title='bbox 854 3673 1073 3744; x_wconf 86' lang='lat' dir='ltr'>Capitolinum,</span> <span class='ocrx_word' id='word_1_224' title='bbox 1093 3674 1124 3729; x_wconf 90' lang='lat' dir='ltr'>in</span> <span class='ocrx_word' id='word_1_225' title='bbox 1145 3675 1186 3729; x_wconf 87' lang='lat' dir='ltr'>M.</span> <span class='ocrx_word' id='word_1_226' title='bbox 1201 3675 1270 3728; x_wconf 84' lang='lat' dir='ltr'>Ant.</span> 
     </span>
     <span class='ocr_line' id='line_1_31' title="bbox 206 3756 1270 3828; baseline 0 -15"><span class='ocrx_word' id='word_1_227' title='bbox 206 3759 292 3813; x_wconf 77' lang='lat' dir='ltr'>Puil.</span> <span class='ocrx_word' id='word_1_228' title='bbox 308 3756 323 3809; x_wconf 84' lang='lat'><strong>7</strong></span> <span class='ocrx_word' id='word_1_229' title='bbox 341 3775 347 3811; x_wconf 95' lang='lat'>:</span> <span class='ocrx_word' id='word_1_230' title='bbox 365 3774 381 3809; x_wconf 92' lang='grc'>«</span> <span class='ocrx_word' id='word_1_231' title='bbox 395 3758 477 3811; x_wconf 87' lang='lat' dir='ltr'>Tunc</span> <span class='ocrx_word' id='word_1_232' title='bbox 488 3757 621 3828; x_wconf 92' lang='lat' dir='ltr'>primum</span> <span class='ocrx_word' id='word_1_233' title='bbox 643 3758 723 3828; x_wconf 82' lang='lat' dir='ltr'>(post</span> <span class='ocrx_word' id='word_1_234' title='bbox 738 3773 898 3814; x_wconf 84' lang='lat' dir='ltr'>excessum</span> <span class='ocrx_word' id='word_1_235' title='bbox 915 3762 946 3814; x_wconf 87' lang='lat' dir='ltr'>D.</span> <span class='ocrx_word' id='word_1_236' title='bbox 963 3760 1019 3822; x_wconf 86' lang='lat' dir='ltr'>Pii)</span> <span class='ocrx_word' id='word_1_237' title='bbox 1035 3773 1196 3814; x_wconf 88' lang='lat' dir='ltr'>romanum</span> <span class='ocrx_word' id='word_1_238' title='bbox 1212 3758 1270 3813; x_wconf 86' lang='lat' dir='ltr'>im·</span> 
     </span>
     <span class='ocr_line' id='line_1_32' title="bbox 205 3841 1269 3917; baseline 0.001 -19"><span class='ocrx_word' id='word_1_239' title='bbox 205 3845 327 3917; x_wconf 91' lang='lat' dir='ltr'>perium</span> <span class='ocrx_word' id='word_1_240' title='bbox 343 3845 419 3900; x_wconf 81' lang='lat' dir='ltr'>duos</span> <span class='ocrx_word' id='word_1_241' title='bbox 434 3847 588 3913; x_wconf 85' lang='lat' dir='ltr'>Angustos</span> <span class='ocrx_word' id='word_1_242' title='bbox 603 3845 717 3901; x_wconf 90' lang='lat' dir='ltr'>habere</span> <span class='ocrx_word' id='word_1_243' title='bbox 732 3846 835 3916; x_wconf 89' lang='lat' dir='ltr'>coepit.</span> <span class='ocrx_word' id='word_1_244' title='bbox 851 3846 1226 3917; x_wconf 78' lang='lat' dir='ltr'>»-nutrop.13rev.v111‚</span> <span class='ocrx_word' id='word_1_245' title='bbox 1242 3841 1269 3899; x_wconf 84' lang='lat'>9.</span> 
     </span>
     <span class='ocr_line' id='line_1_33' title="bbox 242 3930 1269 4002; baseline 0 -16"><span class='ocrx_word' id='word_1_246' title='bbox 242 3930 268 3986; x_wconf 83' lang='lat'>3.</span> <span class='ocrx_word' id='word_1_247' title='bbox 291 3932 368 3984; x_wconf 92' lang='lat' dir='ltr'>Num</span> <span class='ocrx_word' id='word_1_248' title='bbox 382 3931 412 3985; x_wconf 90' lang='lat' dir='ltr'>L.</span> <span class='ocrx_word' id='word_1_249' title='bbox 428 3931 525 3985; x_wconf 87' lang='lat' dir='ltr'>Varus</span> <span class='ocrx_word' id='word_1_250' title='bbox 540 3931 572 3986; x_wconf 91' lang='lat' dir='ltr'>et</span> <span class='ocrx_word' id='word_1_251' title='bbox 585 3930 723 4002; x_wconf 81' lang='lat' dir='ltr'>pontifex</span> <span class='ocrx_word' id='word_1_252' title='bbox 740 3931 895 3986; x_wconf 89' lang='lat' dir='ltr'>maximus</span> <span class='ocrx_word' id='word_1_253' title='bbox 911 3930 1011 3986; x_wconf 82' lang='lat' dir='ltr'>laetus</span> <span class='ocrx_word' id='word_1_254' title='bbox 1025 3931 1128 3987; x_wconf 51' lang='lat' dir='ltr'>luerit¹</span> <span class='ocrx_word' id='word_1_255' title='bbox 1147 3931 1269 3986; x_wconf 86' lang='lat' dir='ltr'>dubita·</span> 
     </span>
    </p>
   </div>
   <div class='ocr_carea' id='block_1_6' title="bbox 207 4013 1270 4166">
    <p class='ocr_par' dir='ltr' id='par_1_6' title="bbox 207 4013 1270 4166">
     <span class='ocr_line' id='line_1_34' title="bbox 207 4013 1269 4084; baseline 0.001 -14"><span class='ocrx_word' id='word_1_256' title='bbox 207 4017 269 4070; x_wconf 87' lang='lat' dir='ltr'>tur.</span> <span class='ocrx_word' id='word_1_257' title='bbox 289 4013 331 4068; x_wconf 83' lang='lat' dir='ltr'>Gi.</span> <span class='ocrx_word' id='word_1_258' title='bbox 349 4015 527 4080; x_wconf 87' lang='lat' dir='ltr'>Mommsen,</span> <span class='ocrx_word' id='word_1_259' title='bbox 543 4016 567 4070; x_wconf 91' lang='lat' dir='ltr'>I.</span> <span class='ocrx_word' id='word_1_260' title='bbox 590 4017 624 4071; x_wconf 82' lang='lat' dir='ltr'>R.</span> <span class='ocrx_word' id='word_1_261' title='bbox 645 4018 755 4084; x_wconf 73' lang='lat' dir='ltr'>Neap,</span> <span class='ocrx_word' id='word_1_262' title='bbox 776 4013 843 4083; x_wconf 87' lang='grc'><strong>442,</strong></span> <span class='ocrx_word' id='word_1_263' title='bbox 864 4013 932 4083; x_wconf 84' lang='grc'><strong>443;</strong></span> <span class='ocrx_word' id='word_1_264' title='bbox 956 4017 1077 4071; x_wconf 81' lang='lat' dir='ltr'>Hondd.</span> <span class='ocrx_word' id='word_1_265' title='bbox 1093 4018 1151 4070; x_wconf 84' lang='lat' dir='ltr'>der</span> <span class='ocrx_word' id='word_1_266' title='bbox 1171 4029 1269 4071; x_wconf 82' lang='lat' dir='ltr'>roem.</span> 
     </span>
     <span class='ocr_line' id='line_1_35' title="bbox 207 4093 1270 4166; baseline 0 -16"><span class='ocrx_word' id='word_1_267' title='bbox 207 4097 267 4150; x_wconf 80' lang='lat' dir='ltr'>nu.</span> <span class='ocrx_word' id='word_1_268' title='bbox 284 4095 318 4163; x_wconf 96' lang='lat' dir='ltr'>ll,</span> <span class='ocrx_word' id='word_1_269' title='bbox 332 4093 358 4162; x_wconf 87' lang='grc'>2,</span> <span class='ocrx_word' id='word_1_270' title='bbox 374 4111 404 4166; x_wconf 93' lang='lat' dir='ltr'>p.</span> <span class='ocrx_word' id='word_1_271' title='bbox 420 4093 487 4150; x_wconf 78' lang='lat'>1053</span> <span class='ocrx_word' id='word_1_272' title='bbox 496 4110 504 4163; x_wconf 92' lang='lat'>;</span> <span class='ocrx_word' id='word_1_273' title='bbox 520 4096 803 4165; x_wconf 80' lang='lat' dir='ltr'>Bouche·Leclercq,</span> <span class='ocrx_word' id='word_1_274' title='bbox 819 4097 876 4150; x_wconf 83' lang='lat' dir='ltr'>Leo</span> <span class='ocrx_word' id='word_1_275' title='bbox 889 4096 1031 4163; x_wconf 83' lang='lat' dir='ltr'>Pontifee</span> <span class='ocrx_word' id='word_1_276' title='bbox 1045 4099 1083 4151; x_wconf 85' lang='lat' dir='ltr'>de</span> <span class='ocrx_word' id='word_1_277' title='bbox 1098 4097 1270 4151; x_wconf 80' lang='lat' dir='ltr'>l&#39;ancc&#39;enne</span> 
     </span>
    </p>
   </div>
   <div class='ocr_carea' id='block_1_7' title="bbox 205 4178 1267 4340">
    <p class='ocr_par' dir='ltr' id='par_1_7' title="bbox 205 4178 1267 4340">
     <span class='ocr_line' id='line_1_36' title="bbox 205 4178 1267 4251; baseline 0 -15"><span class='ocrx_word' id='word_1_278' title='bbox 205 4182 314 4244; x_wconf 81' lang='lat' dir='ltr'>Rome,</span> <span class='ocrx_word' id='word_1_279' title='bbox 335 4195 365 4250; x_wconf 93' lang='lat' dir='ltr'>p.</span> <span class='ocrx_word' id='word_1_280' title='bbox 383 4178 444 4236; x_wconf 84' lang='lat'><strong>370.</strong></span> <span class='ocrx_word' id='word_1_281' title='bbox 461 4180 527 4234; x_wconf 87' lang='lat' dir='ltr'>Vid.</span> <span class='ocrx_word' id='word_1_282' title='bbox 546 4182 648 4237; x_wconf 88' lang='lat' dir='ltr'>tamen</span> <span class='ocrx_word' id='word_1_283' title='bbox 668 4184 766 4236; x_wconf 77' lang='lat' dir='ltr'>Amin.</span> <span class='ocrx_word' id='word_1_284' title='bbox 786 4181 903 4251; x_wconf 84' lang='lat' dir='ltr'>XXVII,</span> <span class='ocrx_word' id='word_1_285' title='bbox 924 4179 956 4250; x_wconf 83' lang='grc'>6;</span> <span class='ocrx_word' id='word_1_286' title='bbox 980 4180 1083 4250; x_wconf 87' lang='lat' dir='ltr'>Orelli,</span> <span class='ocrx_word' id='word_1_287' title='bbox 1101 4180 1164 4250; x_wconf 88' lang='grc'><strong>873,</strong></span> <span class='ocrx_word' id='word_1_288' title='bbox 1186 4179 1267 4251; x_wconf 85' lang='grc'><strong>3682,</strong></span> 
     </span>
     <span class='ocr_line' id='line_1_37' title="bbox 206 4262 801 4340; baseline 0.005 -21"><span class='ocrx_word' id='word_1_289' title='bbox 206 4262 291 4336; x_wconf 83' lang='grc'><strong>5483,</strong></span> <span class='ocrx_word' id='word_1_290' title='bbox 305 4262 387 4338; x_wconf 76' lang='grc'><strong>5484;</strong></span> <span class='ocrx_word' id='word_1_291' title='bbox 404 4266 513 4340; x_wconf 81' lang='lat' dir='ltr'>capit,</span> <span class='ocrx_word' id='word_1_292' title='bbox 525 4268 612 4324; x_wconf 80' lang='lat' dir='ltr'>Maec.</span> <span class='ocrx_word' id='word_1_293' title='bbox 628 4271 658 4323; x_wconf 89' lang='lat' dir='ltr'>et</span> <span class='ocrx_word' id='word_1_294' title='bbox 671 4269 756 4323; x_wconf 79' lang='lat' dir='ltr'>Belo.</span> <span class='ocrx_word' id='word_1_295' title='bbox 774 4265 801 4322; x_wconf 90' lang='lat'>8.</span> 
     </span>
    </p>
   </div>
   <div class='ocr_carea' id='block_1_8' title="bbox 0 0 1562 4958">
    <p class='ocr_par' dir='ltr' id='par_1_8' title="bbox 0 0 1562 4958">
     <span class='ocr_line' id='line_1_38' title="bbox 0 0 1562 4958; baseline 0 3"><span class='ocrx_word' id='word_1_296' title='bbox 0 0 1562 4958; x_wconf 95' lang='lat' dir='ltr'> </span> 
     </span>
    </p>
   </div>
  </div>
 </body>
</html>
