3114 4958
568 435 613 483 nu
634 435 720 482 tuan
742 433 901 482 ruaurco.
1225 414 1269 480 43

202 562 324 630 Marco
337 558 480 628 missam
497 577 573 630 esse
591 559 636 626 ad
649 556 953 645 Hieropolitanum
968 557 1178 645 Episcopum
1190 577 1268 626 cum

170 693 175 702 ·
202 674 316 763 ipsius
332 675 440 742 dliam
457 695 479 742 a
493 677 653 744 daemone
670 693 869 762 possessam
885 674 1158 743 exorcizarisset
1169 676 1191 741 ¹.

248 793 293 859 Ut
309 793 402 858 hanc
417 781 575 858 fabulam
596 790 769 872 omittam,
791 794 941 877 utraque
966 789 1118 876 epistola
1138 809 1268 877 supra-

203 906 299 975 dicta
316 926 383 973 non
401 905 488 974 satis
504 908 656 1000 probata
671 910 736 974 est.
756 905 916 992 Priorem
936 906 1029 972 enim
1047 905 1267 993 suppositam

204 1022 304 1090 multi
332 1023 489 1104 credunt,
517 1023 647 1110 quippe
675 1041 754 1108 quae
782 1023 910 1090 Sancto
941 1022 1092 1104 tustino,
1124 1023 1267 1090 Tertul-

202 1138 313 1221 liano,
329 1139 512 1207 Lactantio
527 1139 650 1224 ignota
663 1139 725 1218 sit;
744 1138 976 1226 posteriorem
989 1157 1129 1225 quoque
1141 1138 1266 1206 falsam

99 1234 103 1242 ¹
202 1255 342 1324 abunde
366 1256 595 1324 ostenderunt
616 1254 908 1340 Westenbergius
931 1257 966 1323 et
987 1255 1087 1322 multi
1111 1254 1207 1322 alii².
1231 1254 1266 1322 Si

202 1372 274 1437 tale
322 1368 530 1456 rescriptum
570 1369 790 1452 exstitisset,
832 1389 894 1436 cur
933 1369 1110 1456 apologiae
1150 1373 1266 1438 essent

201 1485 370 1573 scriptae‘l
386 1505 449 1554 nec
465 1490 575 1554 totam
592 1485 766 1572 legionem
785 1485 885 1554 unice
903 1505 947 1554 ex
965 1485 1172 1553 Christianis
1191 1487 1265 1564 col-

201 1602 328 1670 lectam
358 1606 440 1669 tunc
470 1600 577 1672 luisse
604 1601 795 1669 verisimile
821 1604 886 1669 est.
911 1603 1115 1670 -Certum
1147 1605 1262 1670 antem

200 1718 306 1786 tertio
323 1722 404 1806 post
419 1719 499 1786 Chr.
522 1737 558 1785 n.
582 1715 711 1785 saeculo
739 1720 893 1785 Marcum
910 1717 1136 1797 Antoninum,
1156 1717 1263 1786 veluti

199 1843 339 1921 patrem
357 1853 544 1920 avumque,
563 1833 732 1918 Ecclesiae,
750 1851 820 1901 non
839 1832 1001 1901 infestum
1019 1848 1042 1900 a
1058 1832 1177 1900 multis
1193 1853 1263 1921 pu-

199 1955 313 2017 tatum
332 1968 420 2017 esse.

198 2125 203 2133 .
245 2067 312 2133 Sed
335 2065 403 2132 alii
415 2066 459 2132 ab
476 2064 519 2132 iis
535 2065 677 2132 omnino
702 2064 937 2132 dissentiunt:
956 2084 1035 2132 nam
1062 2067 1125 2132 sub
1143 2069 1261 2132 Marco

116 2235 123 2248 .
200 2182 342 2250 Aurelio
361 2181 495 2268 aliquot
521 2187 695 2264 martyres
722 2180 759 2247 in
778 2180 875 2259 Asia,
897 2181 1020 2268 primis
1043 2179 1262 2269 principatus

169 2297 438 2384 temporibus,
472 2297 599 2366 multos
637 2296 798 2382 Lugduni
823 2296 955 2364 ultimis
979 2303 1124 2365 necatos
1155 2297 1262 2364 luisse

198 2417 421 2480 memorant:
441 2416 475 2480 et
502 2413 694 2480 notandum
721 2417 774 2480 est
800 2413 933 2480 nullum
957 2432 1084 2481 novum
1110 2411 1260 2481 edictum

198 2531 272 2596 tum
290 2531 336 2596 ab
360 2528 575 2618 imperatore
591 2531 856 2616 promulgatum
875 2528 999 2598 videri.
1023 2529 1158 2606 Quibus
1183 2549 1261 2598 cre-

198 2643 350 2710 dendum
377 2645 453 2709 est‘l
478 2645 600 2710 Utrum
625 2640 727 2729 pejor
754 2662 800 2710 an
830 2642 954 2710 melior
981 2642 1259 2711 Christianorum

198 2757 349 2826 conditio
367 2777 390 2824 a
408 2760 526 2825 Marco
542 2759 686 2826 Aurelio
704 2759 798 2826 facta
815 2763 868 2826 est
883 2779 987 2845 quam
1005 2762 1135 2827 antea‘l

241 2875 336 2941 Inter
347 2872 408 2961 jus
427 2877 463 2942 et
479 2874 608 2941 factum
624 2874 909 2970 distinguendum
933 2895 1069 2946 censeo.
1090 2879 1151 2943 Jus
1166 2876 1257 2943 idem

197 2989 327 3056 mansit
343 3008 385 3057 ac
399 2990 463 3058 sub
484 2988 638 3077 Trajano
654 2969 906 3079 Hadrianoque
924 2997 960 3058 et
974 2991 1051 3060 Tito
1066 2992 1255 3074 Antonine,

197 3107 258 3174 scd
287 3104 427 3193 majora
456 3104 733 3174 Christianorum
767 3106 925 3194 pericula
953 3107 1048 3176 sacta
1081 3111 1184 3177 erant
1213 3111 1257 3176 ob

165 3229 168 3233 '
197 3220 316 3289 odium
335 3221 461 3310 plebis,
481 3225 567 3290 Tum
592 3241 743 3308 magnus
766 3223 833 3291 luit
855 3223 1097 3292 calamitatum
1118 3223 1258 3313 imperii

195 3524 383 3582 christianus
398 3524 440 3582 sit
460 3524 582 3582 tantum
606 3525 739 3598 dimitti3
760 3541 830 3583 eum
852 3526 956 3584 autom
979 3527 1031 3597 qui
1053 3526 1256 3586 christianum

195 3611 363 3678 accusavit,
376 3612 484 3667 vienne
496 3613 599 3668 annii.
615 3629 632 3666 ›>
1235 3607 1241 3619 ‘

231 3694 256 3750 Ι.
278 3695 345 3751 Vid.
362 3695 399 3752 de
414 3695 624 3768 champagny,
642 3698 860 3763 lecAntonine,
874 3697 897 3754 t.
914 3697 961 3766 ΙΙΙ,
975 3714 1005 3769 p.
1025 3696 1067 3768 19,
1081 3713 1110 3754 n.
1126 3697 1152 3754 Ξ.

228 3779 255 3837 2.
276 3783 373 3837 Diona
394 3783 531 3851 Marone,
554 3781 585 3837 in
606 3781 729 3838 Praetat.
756 3812 792 3822 -
816 3782 994 3839 Addendum
1021 3783 1173 3852 legionem
1196 3797 1255 3839 non

193 3867 465 3932 Fulminetricenc,
482 3868 515 3923 ut
528 3866 704 3937 xiphilinus
719 3882 787 3923 eam
806 3866 955 3934 nominat,
972 3867 1025 3925 sad
1040 3869 1257 3924 Fulminatanc

193 3951 381 4023 appellatam
399 3966 476 4021 esse,
495 3952 586 4020 longe
602 3954 674 4009 anto
688 3952 861 4017 Quadorum
880 3953 1008 4009 cladem.
1022 3953 1064 4009 cl.
1080 3953 1254 4018 Grotelend,

196 4037 371 4094 Geschichte
394 4041 452 4093 der
470 4038 633 4092 einzelnen
655 4038 842 4094 roemischen
864 4039 1019 4106 Legionem
1041 4039 1076 4093 tn
1096 4040 1154 4093 der
1177 4040 1253 4093 Kai-

192 4124 317 4182 cerzeit.
333 4123 455 4194 Pauly’s
470 4124 546 4178 Reol
561 4123 737 4192 Encycl.1v,
757 4139 787 4195 p.
803 4121 866 4188 868,
882 4121 944 4178 90l.
954 4153 988 4164 -
999 4125 1030 4178 ll.
1046 4124 1150 4178 chan
1164 4123 1256 4193 putat

193 4205 270 4263 duas
298 4207 434 4276 legiones
467 4207 658 4265 Fulminatus
688 4207 864 4266 nominatos
894 4221 971 4267 esse.
1003 4205 1253 4278 Mare-aurete,

194 4307 218 4348 c.
235 4305 322 4348 xvnr.
