<?xml version="1.0" encoding="UTF-8"?>
<!DOCTYPE html PUBLIC "-//W3C//DTD XHTML 1.0 Transitional//EN"
    "http://www.w3.org/TR/xhtml1/DTD/xhtml1-transitional.dtd">
<html xmlns="http://www.w3.org/1999/xhtml" xml:lang="en" lang="en">
 <head>
  <title>
</title>
<meta http-equiv="Content-Type" content="text/html;charset=utf-8" />
  <meta name='ocr-system' content='tesseract 3.04.00' />
  <meta name='ocr-capabilities' content='ocr_page ocr_carea ocr_par ocr_line ocrx_word'/>
</head>
<body>
  <div class='ocr_page' id='page_1' title='image "./deconstitutioni00dumgoog_0107.png"; bbox 0 0 3128 4962; ppageno 0'>
   <div class='ocr_carea' id='block_1_1' title="bbox 267 368 950 437">
    <p class='ocr_par' dir='ltr' id='par_1_1' title="bbox 267 368 950 437">
     <span class='ocr_line' id='line_1_1' title="bbox 267 368 950 437; baseline 0.001 -2"><span class='ocrx_word' id='word_1_1' title='bbox 267 368 311 436; x_wconf 82' lang='lat'>94</span> <span class='ocrx_word' id='word_1_2' title='bbox 642 389 728 436; x_wconf 77' lang='lat' dir='ltr'>raas</span> <span class='ocrx_word' id='word_1_3' title='bbox 752 390 950 437; x_wconf 78' lang='lat' dir='ltr'>rosrnaron.</span> 
     </span>
    </p>
   </div>
   <div class='ocr_carea' id='block_1_2' title="bbox 264 511 1333 2105">
    <p class='ocr_par' dir='ltr' id='par_1_2' title="bbox 264 511 1333 2105">
     <span class='ocr_line' id='line_1_2' title="bbox 268 511 1325 594; baseline 0.002 -14"><span class='ocrx_word' id='word_1_4' title='bbox 268 516 352 580; x_wconf 90' lang='lat' dir='ltr'>nata</span> <span class='ocrx_word' id='word_1_5' title='bbox 372 515 443 594; x_wconf 85' lang='lat' dir='ltr'>est,</span> <span class='ocrx_word' id='word_1_6' title='bbox 466 530 529 578; x_wconf 91' lang='lat' dir='ltr'>uec</span> <span class='ocrx_word' id='word_1_7' title='bbox 546 514 663 578; x_wconf 92' lang='lat' dir='ltr'>tamen</span> <span class='ocrx_word' id='word_1_8' title='bbox 686 511 826 578; x_wconf 91' lang='lat' dir='ltr'>omnino</span> <span class='ocrx_word' id='word_1_9' title='bbox 849 513 1008 594; x_wconf 85' lang='lat' dir='ltr'>sublata,</span> <span class='ocrx_word' id='word_1_10' title='bbox 1027 514 1087 579; x_wconf 90' lang='lat' dir='ltr'>sed</span> <span class='ocrx_word' id='word_1_11' title='bbox 1106 514 1325 582; x_wconf 82' lang='lat' dir='ltr'>solummodo</span> 
     </span>
     <span class='ocr_line' id='line_1_3' title="bbox 267 627 1328 716; baseline 0.002 -20"><span class='ocrx_word' id='word_1_12' title='bbox 267 632 494 696; x_wconf 89' lang='lat' dir='ltr'>commutata.</span> <span class='ocrx_word' id='word_1_13' title='bbox 522 631 590 694; x_wconf 77' lang='lat' dir='ltr'>lies</span> <span class='ocrx_word' id='word_1_14' title='bbox 619 627 843 694; x_wconf 72' lang='lat' dir='ltr'>hereditariae</span> <span class='ocrx_word' id='word_1_15' title='bbox 870 630 956 695; x_wconf 83' lang='lat' dir='ltr'>solae</span> <span class='ocrx_word' id='word_1_16' title='bbox 986 647 1049 714; x_wconf 89' lang='lat' dir='ltr'>per</span> <span class='ocrx_word' id='word_1_17' title='bbox 1077 631 1328 716; x_wconf 82' lang='lat' dir='ltr'>usucapionem</span> 
     </span>
     <span class='ocr_line' id='line_1_4' title="bbox 264 743 1330 829; baseline 0.003 -19"><span class='ocrx_word' id='word_1_18' title='bbox 264 765 335 828; x_wconf 85' lang='lat' dir='ltr'>pro</span> <span class='ocrx_word' id='word_1_19' title='bbox 353 745 486 810; x_wconf 81' lang='lat' dir='ltr'>herede</span> <span class='ocrx_word' id='word_1_20' title='bbox 503 743 637 829; x_wconf 90' lang='lat' dir='ltr'>acquiri</span> <span class='ocrx_word' id='word_1_21' title='bbox 653 747 854 828; x_wconf 80' lang='lat' dir='ltr'>potueruut,</span> <span class='ocrx_word' id='word_1_22' title='bbox 870 764 991 810; x_wconf 88' lang='lat' dir='ltr'>verum</span> <span class='ocrx_word' id='word_1_23' title='bbox 1003 748 1084 812; x_wconf 82' lang='lat' dir='ltr'>sine</span> <span class='ocrx_word' id='word_1_24' title='bbox 1092 750 1198 828; x_wconf 79' lang='lat' dir='ltr'>josia</span> <span class='ocrx_word' id='word_1_25' title='bbox 1215 765 1330 813; x_wconf 80' lang='lat' dir='ltr'>eousu</span> 
     </span>
     <span class='ocr_line' id='line_1_5' title="bbox 267 861 1330 944; baseline 0.002 -18"><span class='ocrx_word' id='word_1_26' title='bbox 267 863 324 926; x_wconf 86' lang='lat' dir='ltr'>oei</span> <span class='ocrx_word' id='word_1_27' title='bbox 346 861 438 925; x_wconf 84' lang='lat' dir='ltr'>hono</span> <span class='ocrx_word' id='word_1_28' title='bbox 460 861 551 942; x_wconf 71' lang='lat' dir='ltr'>fide,</span> <span class='ocrx_word' id='word_1_29' title='bbox 576 863 610 925; x_wconf 94' lang='lat' dir='ltr'>et</span> <span class='ocrx_word' id='word_1_30' title='bbox 631 878 816 944; x_wconf 91' lang='lat' dir='ltr'>perunum</span> <span class='ocrx_word' id='word_1_31' title='bbox 841 879 970 926; x_wconf 90' lang='lat' dir='ltr'>aunum</span> <span class='ocrx_word' id='word_1_32' title='bbox 998 861 1105 928; x_wconf 89' lang='lat' dir='ltr'>etiam</span> <span class='ocrx_word' id='word_1_33' title='bbox 1129 881 1206 928; x_wconf 91' lang='lat' dir='ltr'>cum</span> <span class='ocrx_word' id='word_1_34' title='bbox 1231 864 1330 930; x_wconf 79' lang='lat' dir='ltr'>fundi</span> 
     </span>
     <span class='ocr_line' id='line_1_6' title="bbox 267 974 1331 1045; baseline 0.004 -5"><span class='ocrx_word' id='word_1_35' title='bbox 267 974 359 1042; x_wconf 91' lang='lat' dir='ltr'>inter</span> <span class='ocrx_word' id='word_1_36' title='bbox 383 995 439 1042; x_wconf 90' lang='lat' dir='ltr'>res</span> <span class='ocrx_word' id='word_1_37' title='bbox 468 975 701 1042; x_wconf 89' lang='lat' dir='ltr'>hereditarias</span> <span class='ocrx_word' id='word_1_38' title='bbox 727 979 856 1042; x_wconf 82' lang='lat' dir='ltr'>essent.</span> <span class='ocrx_word' id='word_1_39' title='bbox 884 977 948 1042; x_wconf 88' lang='lat' dir='ltr'>Diu</span> <span class='ocrx_word' id='word_1_40' title='bbox 975 977 1145 1044; x_wconf 90' lang='lat' dir='ltr'>creditum</span> <span class='ocrx_word' id='word_1_41' title='bbox 1171 981 1224 1044; x_wconf 91' lang='lat' dir='ltr'>est</span> <span class='ocrx_word' id='word_1_42' title='bbox 1247 977 1331 1045; x_wconf 90' lang='lat' dir='ltr'>huic</span> 
     </span>
     <span class='ocr_line' id='line_1_7' title="bbox 268 1090 1332 1176; baseline 0.003 -19"><span class='ocrx_word' id='word_1_43' title='bbox 268 1090 474 1176; x_wconf 90' lang='lat' dir='ltr'>usucapioni</span> <span class='ocrx_word' id='word_1_44' title='bbox 497 1092 610 1157; x_wconf 92' lang='lat' dir='ltr'>locum</span> <span class='ocrx_word' id='word_1_45' title='bbox 629 1091 735 1158; x_wconf 85' lang='lat' dir='ltr'>fuisse</span> <span class='ocrx_word' id='word_1_46' title='bbox 756 1093 811 1158; x_wconf 89' lang='lat' dir='ltr'>vel</span> <span class='ocrx_word' id='word_1_47' title='bbox 828 1112 906 1159; x_wconf 93' lang='lat' dir='ltr'>cum</span> <span class='ocrx_word' id='word_1_48' title='bbox 923 1097 1153 1176; x_wconf 79' lang='lat' dir='ltr'>necessarius</span> <span class='ocrx_word' id='word_1_49' title='bbox 1173 1095 1227 1160; x_wconf 88' lang='lat' dir='ltr'>vel</span> <span class='ocrx_word' id='word_1_50' title='bbox 1241 1113 1332 1160; x_wconf 80' lang='lat' dir='ltr'>suaa</span> 
     </span>
     <span class='ocr_line' id='line_1_8' title="bbox 267 1201 1332 1284; baseline 0.003 -12"><span class='ocrx_word' id='word_1_51' title='bbox 267 1208 370 1273; x_wconf 92' lang='lat' dir='ltr'>heres</span> <span class='ocrx_word' id='word_1_52' title='bbox 387 1201 559 1284; x_wconf 88' lang='lat' dir='ltr'>exstaret;</span> <span class='ocrx_word' id='word_1_53' title='bbox 575 1225 666 1273; x_wconf 93' lang='lat' dir='ltr'>nnuc</span> <span class='ocrx_word' id='word_1_54' title='bbox 682 1212 799 1274; x_wconf 92' lang='lat' dir='ltr'>antem</span> <span class='ocrx_word' id='word_1_55' title='bbox 818 1209 943 1274; x_wconf 91' lang='lat' dir='ltr'>melius</span> <span class='ocrx_word' id='word_1_56' title='bbox 961 1209 1040 1276; x_wconf 91' lang='lat' dir='ltr'>lecti</span> <span class='ocrx_word' id='word_1_57' title='bbox 1055 1209 1132 1276; x_wconf 88' lang='lat' dir='ltr'>Gaii</span> <span class='ocrx_word' id='word_1_58' title='bbox 1149 1211 1332 1276; x_wconf 83' lang='lat' dir='ltr'>Commen-</span> 
     </span>
     <span class='ocr_line' id='line_1_9' title="bbox 267 1322 1333 1410; baseline 0.004 -22"><span class='ocrx_word' id='word_1_59' title='bbox 267 1322 350 1388; x_wconf 89' lang='lat' dir='ltr'>tarii</span> <span class='ocrx_word' id='word_1_60' title='bbox 373 1323 436 1388; x_wconf 90' lang='lat' dir='ltr'>tali</span> <span class='ocrx_word' id='word_1_61' title='bbox 458 1341 541 1388; x_wconf 92' lang='lat' dir='ltr'>casu</span> <span class='ocrx_word' id='word_1_62' title='bbox 567 1323 816 1409; x_wconf 83' lang='lat' dir='ltr'>usucapionem</span> <span class='ocrx_word' id='word_1_63' title='bbox 842 1324 1047 1410; x_wconf 87' lang='lat' dir='ltr'>impeditam</span> <span class='ocrx_word' id='word_1_64' title='bbox 1069 1344 1145 1392; x_wconf 88' lang='lat' dir='ltr'>esse</span> <span class='ocrx_word' id='word_1_65' title='bbox 1166 1326 1333 1392; x_wconf 90' lang='lat' dir='ltr'>ostende·</span> 
     </span>
     <span class='ocr_line' id='line_1_10' title="bbox 269 1439 1332 1508; baseline 0.003 -5"><span class='ocrx_word' id='word_1_66' title='bbox 269 1440 382 1504; x_wconf 85' lang='lat' dir='ltr'>runt¹.</span> <span class='ocrx_word' id='word_1_67' title='bbox 411 1439 480 1504; x_wconf 88' lang='lat' dir='ltr'>Sub</span> <span class='ocrx_word' id='word_1_68' title='bbox 511 1439 690 1508; x_wconf 90' lang='lat' dir='ltr'>Hadriano</span> <span class='ocrx_word' id='word_1_69' title='bbox 724 1441 1064 1506; x_wconf 86' lang='lat' dir='ltr'>senatusconsultum</span> <span class='ocrx_word' id='word_1_70' title='bbox 1093 1460 1177 1508; x_wconf 87' lang='lat' dir='ltr'>vero</span> <span class='ocrx_word' id='word_1_71' title='bbox 1208 1441 1332 1508; x_wconf 90' lang='lat' dir='ltr'>heredi</span> 
     </span>
     <span class='ocr_line' id='line_1_11' title="bbox 270 1555 1332 1643; baseline 0.007 -25"><span class='ocrx_word' id='word_1_72' title='bbox 270 1555 324 1620; x_wconf 88' lang='lat' dir='ltr'>vel</span> <span class='ocrx_word' id='word_1_73' title='bbox 347 1555 516 1620; x_wconf 93' lang='lat' dir='ltr'>honorum</span> <span class='ocrx_word' id='word_1_74' title='bbox 540 1555 735 1640; x_wconf 86' lang='lat' dir='ltr'>possessori</span> <span class='ocrx_word' id='word_1_75' title='bbox 753 1556 913 1641; x_wconf 87' lang='lat' dir='ltr'>permisit</span> <span class='ocrx_word' id='word_1_76' title='bbox 934 1575 1012 1623; x_wconf 90' lang='lat' dir='ltr'>eum</span> <span class='ocrx_word' id='word_1_77' title='bbox 1035 1556 1093 1642; x_wconf 90' lang='lat' dir='ltr'>qui</span> <span class='ocrx_word' id='word_1_78' title='bbox 1114 1577 1178 1643; x_wconf 93' lang='lat' dir='ltr'>pro</span> <span class='ocrx_word' id='word_1_79' title='bbox 1199 1557 1332 1625; x_wconf 86' lang='lat' dir='ltr'>herede</span> 
     </span>
     <span class='ocr_line' id='line_1_12' title="bbox 269 1668 1331 1757; baseline 0.006 -21"><span class='ocrx_word' id='word_1_80' title='bbox 269 1668 485 1756; x_wconf 88' lang='lat' dir='ltr'>usncepisset</span> <span class='ocrx_word' id='word_1_81' title='bbox 507 1689 548 1736; x_wconf 87' lang='lat' dir='ltr'>ex</span> <span class='ocrx_word' id='word_1_82' title='bbox 574 1669 673 1737; x_wconf 91' lang='lat' dir='ltr'>honis</span> <span class='ocrx_word' id='word_1_83' title='bbox 695 1690 758 1757; x_wconf 92' lang='lat' dir='ltr'>per</span> <span class='ocrx_word' id='word_1_84' title='bbox 780 1674 997 1754; x_wconf 79' lang='lat' dir='ltr'>petitionem</span> <span class='ocrx_word' id='word_1_85' title='bbox 1014 1675 1233 1740; x_wconf 79' lang='lat' dir='ltr'>hereditatis</span> <span class='ocrx_word' id='word_1_86' title='bbox 1258 1677 1331 1756; x_wconf 73' lang='lat' dir='ltr'>fio-</span> 
     </span>
     <span class='ocr_line' id='line_1_13' title="bbox 269 1785 1333 1875; baseline 0.004 -24"><span class='ocrx_word' id='word_1_87' title='bbox 269 1787 393 1852; x_wconf 84' lang='lat' dir='ltr'>titium</span> <span class='ocrx_word' id='word_1_88' title='bbox 417 1785 560 1869; x_wconf 73' lang='lat' dir='ltr'>ejicere;</span> <span class='ocrx_word' id='word_1_89' title='bbox 589 1786 678 1852; x_wconf 86' lang='lat' dir='ltr'>unde</span> <span class='ocrx_word' id='word_1_90' title='bbox 706 1787 786 1853; x_wconf 90' lang='lat' dir='ltr'>talis</span> <span class='ocrx_word' id='word_1_91' title='bbox 813 1786 978 1873; x_wconf 87' lang='lat' dir='ltr'>usucapio</span> <span class='ocrx_word' id='word_1_92' title='bbox 1006 1792 1140 1854; x_wconf 87' lang='lat' dir='ltr'>tautum</span> <span class='ocrx_word' id='word_1_93' title='bbox 1162 1789 1333 1875; x_wconf 88' lang='lat' dir='ltr'>proderat</span> 
     </span>
     <span class='ocr_line' id='line_1_14' title="bbox 269 1903 1331 1993; baseline 0.008 -25"><span class='ocrx_word' id='word_1_94' title='bbox 269 1923 346 1969; x_wconf 92' lang='lat' dir='ltr'>cum</span> <span class='ocrx_word' id='word_1_95' title='bbox 380 1903 610 1971; x_wconf 89' lang='lat' dir='ltr'>hereditatem</span> <span class='ocrx_word' id='word_1_96' title='bbox 647 1906 701 1972; x_wconf 85' lang='lat' dir='ltr'>vel</span> <span class='ocrx_word' id='word_1_97' title='bbox 732 1908 903 1976; x_wconf 92' lang='lat' dir='ltr'>honorum</span> <span class='ocrx_word' id='word_1_98' title='bbox 937 1908 1195 1993; x_wconf 89' lang='lat' dir='ltr'>possessionem</span> <span class='ocrx_word' id='word_1_99' title='bbox 1228 1929 1331 1977; x_wconf 92' lang='lat' dir='ltr'>nemo</span> 
     </span>
     <span class='ocr_line' id='line_1_15' title="bbox 268 2021 1330 2105; baseline 0.006 -20"><span class='ocrx_word' id='word_1_100' title='bbox 268 2023 416 2105; x_wconf 85' lang='lat' dir='ltr'>peteret.</span> <span class='ocrx_word' id='word_1_101' title='bbox 443 2023 580 2086; x_wconf 87' lang='lat' dir='ltr'>Marcus</span> <span class='ocrx_word' id='word_1_102' title='bbox 608 2021 802 2087; x_wconf 83' lang='lat' dir='ltr'>Antoninus</span> <span class='ocrx_word' id='word_1_103' title='bbox 829 2023 970 2089; x_wconf 90' lang='lat' dir='ltr'>tandem</span> <span class='ocrx_word' id='word_1_104' title='bbox 999 2041 1066 2090; x_wconf 91' lang='lat' dir='ltr'>non</span> <span class='ocrx_word' id='word_1_105' title='bbox 1088 2042 1164 2090; x_wconf 89' lang='lat' dir='ltr'>eam</span> <span class='ocrx_word' id='word_1_106' title='bbox 1188 2024 1330 2091; x_wconf 92' lang='lat' dir='ltr'>omnino</span> 
     </span>
    </p>
   </div>
   <div class='ocr_carea' id='block_1_3' title="bbox 168 2135 1332 2224">
    <p class='ocr_par' dir='ltr' id='par_1_3' title="bbox 168 2135 1332 2224">
     <span class='ocr_line' id='line_1_16' title="bbox 168 2135 1332 2224; baseline 0.004 -23"><span class='ocrx_word' id='word_1_107' title='bbox 168 2211 171 2216; x_wconf 45' lang='grc'>,</span> <span class='ocrx_word' id='word_1_108' title='bbox 269 2136 408 2202; x_wconf 90' lang='lat' dir='ltr'>sustulit</span> <span class='ocrx_word' id='word_1_109' title='bbox 430 2135 491 2202; x_wconf 87' lang='lat' dir='ltr'>sed</span> <span class='ocrx_word' id='word_1_110' title='bbox 513 2135 748 2221; x_wconf 87' lang='lat' dir='ltr'>periculosam</span> <span class='ocrx_word' id='word_1_111' title='bbox 767 2137 859 2203; x_wconf 86' lang='lat' dir='ltr'>fecit.</span> <span class='ocrx_word' id='word_1_112' title='bbox 884 2137 1022 2205; x_wconf 82' lang='lat' dir='ltr'>Crimen</span> <span class='ocrx_word' id='word_1_113' title='bbox 1044 2139 1136 2205; x_wconf 87' lang='lat' dir='ltr'>enim</span> <span class='ocrx_word' id='word_1_114' title='bbox 1154 2141 1332 2224; x_wconf 71' lang='lat' dir='ltr'>expilator</span> 
     </span>
    </p>
   </div>
   <div class='ocr_carea' id='block_1_4' title="bbox 258 2250 1334 3383">
    <p class='ocr_par' dir='ltr' id='par_1_4' title="bbox 258 2250 1334 3383">
     <span class='ocr_line' id='line_1_17' title="bbox 269 2250 1332 2340; baseline 0.006 -24"><span class='ocrx_word' id='word_1_115' title='bbox 269 2253 490 2318; x_wconf 80' lang='lat' dir='ltr'>hereditatis</span> <span class='ocrx_word' id='word_1_116' title='bbox 510 2250 680 2333; x_wconf 87' lang='lat' dir='ltr'>institnit,</span> <span class='ocrx_word' id='word_1_117' title='bbox 708 2253 802 2339; x_wconf 88' lang='lat' dir='ltr'>quod</span> <span class='ocrx_word' id='word_1_118' title='bbox 829 2253 964 2321; x_wconf 90' lang='lat' dir='ltr'>subiret</span> <span class='ocrx_word' id='word_1_119' title='bbox 987 2255 1194 2340; x_wconf 87' lang='lat' dir='ltr'>quicumque</span> <span class='ocrx_word' id='word_1_120' title='bbox 1218 2255 1332 2322; x_wconf 89' lang='lat' dir='ltr'>sciens</span> 
     </span>
     <span class='ocr_line' id='line_1_18' title="bbox 269 2365 1332 2456; baseline 0.004 -24"><span class='ocrx_word' id='word_1_121' title='bbox 269 2365 397 2453; x_wconf 87' lang='lat' dir='ltr'>injuste</span> <span class='ocrx_word' id='word_1_122' title='bbox 416 2386 471 2433; x_wconf 90' lang='lat' dir='ltr'>res</span> <span class='ocrx_word' id='word_1_123' title='bbox 491 2366 727 2434; x_wconf 87' lang='lat' dir='ltr'>hereditarias</span> <span class='ocrx_word' id='word_1_124' title='bbox 743 2375 944 2456; x_wconf 84' lang='lat' dir='ltr'>occuparet,</span> <span class='ocrx_word' id='word_1_125' title='bbox 964 2369 1162 2438; x_wconf 87' lang='lat' dir='ltr'>hereditate</span> <span class='ocrx_word' id='word_1_126' title='bbox 1178 2372 1332 2438; x_wconf 90' lang='lat' dir='ltr'>nondum</span> 
     </span>
     <span class='ocr_line' id='line_1_19' title="bbox 270 2484 1331 2574; baseline 0.004 -24"><span class='ocrx_word' id='word_1_127' title='bbox 270 2485 314 2550; x_wconf 91' lang='lat' dir='ltr'>ab</span> <span class='ocrx_word' id='word_1_128' title='bbox 336 2484 465 2550; x_wconf 90' lang='lat' dir='ltr'>herede</span> <span class='ocrx_word' id='word_1_129' title='bbox 485 2502 649 2569; x_wconf 90' lang='lat' dir='ltr'>possessa</span> <span class='ocrx_word' id='word_1_130' title='bbox 659 2486 684 2551; x_wconf 76' lang='lat'>2.</span> <span class='ocrx_word' id='word_1_131' title='bbox 711 2485 846 2552; x_wconf 85' lang='lat' dir='ltr'>Abhinc</span> <span class='ocrx_word' id='word_1_132' title='bbox 867 2486 1034 2574; x_wconf 87' lang='lat' dir='ltr'>usucapio</span> <span class='ocrx_word' id='word_1_133' title='bbox 1051 2489 1240 2554; x_wconf 82' lang='lat' dir='ltr'>lucrativa</span> <span class='ocrx_word' id='word_1_134' title='bbox 1258 2505 1331 2570; x_wconf 81' lang='lat' dir='ltr'>pro</span> 
     </span>
     <span class='ocr_line' id='line_1_20' title="bbox 269 2600 1332 2690; baseline 0.004 -24"><span class='ocrx_word' id='word_1_135' title='bbox 269 2601 404 2668; x_wconf 80' lang='lat' dir='ltr'>herede</span> <span class='ocrx_word' id='word_1_136' title='bbox 431 2620 603 2687; x_wconf 89' lang='lat' dir='ltr'>nusquam</span> <span class='ocrx_word' id='word_1_137' title='bbox 630 2600 666 2667; x_wconf 91' lang='lat' dir='ltr'>in</span> <span class='ocrx_word' id='word_1_138' title='bbox 696 2601 836 2686; x_wconf 79' lang='lat' dir='ltr'>legibus</span> <span class='ocrx_word' id='word_1_139' title='bbox 863 2603 1019 2670; x_wconf 91' lang='lat' dir='ltr'>romanis</span> <span class='ocrx_word' id='word_1_140' title='bbox 1054 2607 1215 2690; x_wconf 89' lang='lat' dir='ltr'>apparet.</span> <span class='ocrx_word' id='word_1_141' title='bbox 1244 2605 1332 2679; x_wconf 83' lang='lat' dir='ltr'>Quae</span> 
     </span>
     <span class='ocr_line' id='line_1_21' title="bbox 268 2717 1271 2803; baseline 0.006 -22"><span class='ocrx_word' id='word_1_142' title='bbox 268 2735 338 2799; x_wconf 85' lang='lat' dir='ltr'>pro</span> <span class='ocrx_word' id='word_1_143' title='bbox 355 2718 488 2784; x_wconf 81' lang='lat' dir='ltr'>herede</span> <span class='ocrx_word' id='word_1_144' title='bbox 505 2723 629 2803; x_wconf 90' lang='lat' dir='ltr'>postea</span> <span class='ocrx_word' id='word_1_145' title='bbox 648 2717 741 2784; x_wconf 89' lang='lat' dir='ltr'>dicta</span> <span class='ocrx_word' id='word_1_146' title='bbox 761 2722 825 2797; x_wconf 89' lang='lat' dir='ltr'>est,</span> <span class='ocrx_word' id='word_1_147' title='bbox 845 2719 984 2784; x_wconf 92' lang='lat' dir='ltr'>omnino</span> <span class='ocrx_word' id='word_1_148' title='bbox 1003 2719 1145 2786; x_wconf 91' lang='lat' dir='ltr'>diversa</span> <span class='ocrx_word' id='word_1_149' title='bbox 1162 2722 1271 2787; x_wconf 63' lang='lat' dir='ltr'>erate.</span> 
     </span>
     <span class='ocr_line' id='line_1_22' title="bbox 314 2832 1331 2921; baseline 0.004 -22"><span class='ocrx_word' id='word_1_150' title='bbox 314 2836 448 2899; x_wconf 92' lang='lat' dir='ltr'>Novum</span> <span class='ocrx_word' id='word_1_151' title='bbox 474 2832 700 2918; x_wconf 88' lang='lat' dir='ltr'>usucapionis</span> <span class='ocrx_word' id='word_1_152' title='bbox 721 2835 775 2900; x_wconf 90' lang='lat' dir='ltr'>vel</span> <span class='ocrx_word' id='word_1_153' title='bbox 797 2834 1077 2921; x_wconf 87' lang='lat' dir='ltr'>praescriptionis</span> <span class='ocrx_word' id='word_1_154' title='bbox 1096 2854 1207 2919; x_wconf 81' lang='lat' dir='ltr'>genus</span> <span class='ocrx_word' id='word_1_155' title='bbox 1229 2855 1331 2902; x_wconf 83' lang='lat' dir='ltr'>crea-</span> 
     </span>
     <span class='ocr_line' id='line_1_23' title="bbox 270 2949 1329 3037; baseline 0.003 -23"><span class='ocrx_word' id='word_1_156' title='bbox 270 2949 331 3027; x_wconf 84' lang='lat' dir='ltr'>vit,</span> <span class='ocrx_word' id='word_1_157' title='bbox 353 2953 389 3016; x_wconf 92' lang='lat' dir='ltr'>ut</span> <span class='ocrx_word' id='word_1_158' title='bbox 405 2968 520 3016; x_wconf 89' lang='lat' dir='ltr'>rerum</span> <span class='ocrx_word' id='word_1_159' title='bbox 539 2969 560 3015; x_wconf 92' lang='lat' dir='ltr'>a</span> <span class='ocrx_word' id='word_1_160' title='bbox 574 2950 657 3016; x_wconf 90' lang='lat' dir='ltr'>fisco</span> <span class='ocrx_word' id='word_1_161' title='bbox 675 2950 896 3016; x_wconf 90' lang='lat' dir='ltr'>venditarum</span> <span class='ocrx_word' id='word_1_162' title='bbox 912 2957 1087 3037; x_wconf 90' lang='lat' dir='ltr'>emptores</span> <span class='ocrx_word' id='word_1_163' title='bbox 1101 2956 1305 3037; x_wconf 82' lang='lat' dir='ltr'>protegeret</span> <span class='ocrx_word' id='word_1_164' title='bbox 1321 2973 1329 3017; x_wconf 90' lang='lat'>:</span> 
     </span>
     <span class='ocr_line' id='line_1_24' title="bbox 274 3059 1334 3151; baseline 0.006 -23"><span class='ocrx_word' id='word_1_165' title='bbox 274 3091 289 3128; x_wconf 81' lang='lat'>‹&lt;</span> <span class='ocrx_word' id='word_1_166' title='bbox 309 3064 430 3133; x_wconf 87' lang='lat' dir='ltr'>Edicto</span> <span class='ocrx_word' id='word_1_167' title='bbox 449 3067 487 3131; x_wconf 90' lang='lat' dir='ltr'>D.</span> <span class='ocrx_word' id='word_1_168' title='bbox 509 3064 632 3144; x_wconf 89' lang='lat' dir='ltr'>Marci,</span> <span class='ocrx_word' id='word_1_169' title='bbox 652 3065 702 3132; x_wconf 89' lang='lat' dir='ltr'>ait</span> <span class='ocrx_word' id='word_1_170' title='bbox 717 3059 946 3147; x_wconf 72' lang='lat' dir='ltr'>lastinianus,</span> <span class='ocrx_word' id='word_1_171' title='bbox 970 3071 1115 3133; x_wconf 91' lang='lat' dir='ltr'>cavetur</span> <span class='ocrx_word' id='word_1_172' title='bbox 1134 3086 1213 3133; x_wconf 92' lang='lat' dir='ltr'>eum</span> <span class='ocrx_word' id='word_1_173' title='bbox 1231 3065 1289 3151; x_wconf 90' lang='lat' dir='ltr'>qui</span> <span class='ocrx_word' id='word_1_174' title='bbox 1312 3087 1334 3134; x_wconf 89' lang='lat' dir='ltr'>a</span> 
     </span>
     <span class='ocr_line' id='line_1_25' title="bbox 269 3179 1330 3267; baseline 0.003 -22"><span class='ocrx_word' id='word_1_175' title='bbox 269 3181 352 3245; x_wconf 88' lang='lat' dir='ltr'>fisco</span> <span class='ocrx_word' id='word_1_176' title='bbox 371 3199 443 3246; x_wconf 91' lang='lat' dir='ltr'>rem</span> <span class='ocrx_word' id='word_1_177' title='bbox 461 3179 613 3246; x_wconf 91' lang='lat' dir='ltr'>alienam</span> <span class='ocrx_word' id='word_1_178' title='bbox 625 3181 721 3262; x_wconf 89' lang='lat' dir='ltr'>emit,</span> <span class='ocrx_word' id='word_1_179' title='bbox 741 3179 770 3246; x_wconf 92' lang='lat' dir='ltr'>si</span> <span class='ocrx_word' id='word_1_180' title='bbox 785 3185 865 3266; x_wconf 90' lang='lat' dir='ltr'>post</span> <span class='ocrx_word' id='word_1_181' title='bbox 879 3179 1115 3248; x_wconf 91' lang='lat' dir='ltr'>venditionem</span> <span class='ocrx_word' id='word_1_182' title='bbox 1131 3181 1330 3267; x_wconf 90' lang='lat' dir='ltr'>quinquen-</span> 
     </span>
     <span class='ocr_line' id='line_1_26' title="bbox 258 3294 1332 3383; baseline 0.007 -26"><span class='ocrx_word' id='word_1_183' title='bbox 258 3294 365 3361; x_wconf 89' lang='lat' dir='ltr'>nium</span> <span class='ocrx_word' id='word_1_184' title='bbox 385 3295 600 3381; x_wconf 90' lang='lat' dir='ltr'>praeterierit</span> <span class='ocrx_word' id='word_1_185' title='bbox 615 3315 719 3382; x_wconf 87' lang='lat' dir='ltr'>posse</span> <span class='ocrx_word' id='word_1_186' title='bbox 741 3296 918 3363; x_wconf 90' lang='lat' dir='ltr'>dominum</span> <span class='ocrx_word' id='word_1_187' title='bbox 937 3297 988 3364; x_wconf 89' lang='lat' dir='ltr'>rei</span> <span class='ocrx_word' id='word_1_188' title='bbox 1009 3316 1072 3383; x_wconf 89' lang='lat' dir='ltr'>per</span> <span class='ocrx_word' id='word_1_189' title='bbox 1089 3297 1332 3383; x_wconf 86' lang='lat' dir='ltr'>exceptionem</span> 
     </span>
    </p>
   </div>
   <div class='ocr_carea' id='block_1_5' title="bbox 267 3553 1334 4295">
    <p class='ocr_par' dir='ltr' id='par_1_5' title="bbox 267 3553 1334 3962">
     <span class='ocr_line' id='line_1_27' title="bbox 305 3553 1334 3626; baseline 0.004 -18"><span class='ocrx_word' id='word_1_190' title='bbox 305 3555 328 3610; x_wconf 90' lang='lat' dir='ltr'>l.</span> <span class='ocrx_word' id='word_1_191' title='bbox 351 3555 419 3610; x_wconf 90' lang='lat' dir='ltr'>Vid.</span> <span class='ocrx_word' id='word_1_192' title='bbox 436 3555 560 3621; x_wconf 86' lang='lat' dir='ltr'>Dubois‚</span> <span class='ocrx_word' id='word_1_193' title='bbox 580 3554 654 3617; x_wconf 70' lang='lat' dir='ltr'>Gai„</span> <span class='ocrx_word' id='word_1_194' title='bbox 671 3554 783 3609; x_wconf 81' lang='lat' dir='ltr'>comm.</span> <span class='ocrx_word' id='word_1_195' title='bbox 801 3555 834 3622; x_wconf 95' lang='grc' dir='ltr'>ΙΙ,</span> <span class='ocrx_word' id='word_1_196' title='bbox 853 3553 902 3624; x_wconf 81' lang='grc'>58;</span> <span class='ocrx_word' id='word_1_197' title='bbox 918 3556 964 3623; x_wconf 89' lang='grc' dir='ltr'>ΙΙΙ,</span> <span class='ocrx_word' id='word_1_198' title='bbox 983 3555 1044 3611; x_wconf 62' lang='grc' dir='ltr'>ΙΙΙ.</span> <span class='ocrx_word' id='word_1_199' title='bbox 1061 3559 1105 3611; x_wconf 81' lang='lat' dir='ltr'>Ex</span> <span class='ocrx_word' id='word_1_200' title='bbox 1122 3572 1180 3626; x_wconf 91' lang='lat' dir='ltr'>quo</span> <span class='ocrx_word' id='word_1_201' title='bbox 1193 3556 1334 3612; x_wconf 91' lang='lat' dir='ltr'>concludi</span> 
     </span>
     <span class='ocr_line' id='line_1_28' title="bbox 267 3637 1334 3708; baseline 0 -15"><span class='ocrx_word' id='word_1_202' title='bbox 267 3639 371 3708; x_wconf 87' lang='lat' dir='ltr'>potest</span> <span class='ocrx_word' id='word_1_203' title='bbox 382 3638 516 3705; x_wconf 89' lang='lat' dir='ltr'>aliquam</span> <span class='ocrx_word' id='word_1_204' title='bbox 528 3639 757 3693; x_wconf 83' lang='lat' dir='ltr'>hereditoriam</span> <span class='ocrx_word' id='word_1_205' title='bbox 766 3639 925 3692; x_wconf 74' lang='lat' dir='ltr'>saisinam</span> <span class='ocrx_word' id='word_1_206' title='bbox 937 3638 982 3693; x_wconf 76' lang='lat' dir='ltr'>rut</span> <span class='ocrx_word' id='word_1_207' title='bbox 993 3637 1085 3692; x_wconf 86' lang='lat' dir='ltr'>medii</span> <span class='ocrx_word' id='word_1_208' title='bbox 1096 3639 1154 3692; x_wconf 88' lang='lat' dir='ltr'>aevi</span> <span class='ocrx_word' id='word_1_209' title='bbox 1165 3637 1334 3708; x_wconf 85' lang='lat' dir='ltr'>prudentes</span> 
     </span>
     <span class='ocr_line' id='line_1_29' title="bbox 269 3721 1332 3792; baseline 0.001 -16"><span class='ocrx_word' id='word_1_210' title='bbox 269 3738 337 3777; x_wconf 90' lang='lat' dir='ltr'>eam</span> <span class='ocrx_word' id='word_1_211' title='bbox 354 3723 553 3782; x_wconf 83' lang='lat' dir='ltr'>vocaverunt)</span> <span class='ocrx_word' id='word_1_212' title='bbox 574 3721 655 3792; x_wconf 88' lang='lat' dir='ltr'>apud</span> <span class='ocrx_word' id='word_1_213' title='bbox 671 3724 823 3776; x_wconf 84' lang='lat' dir='ltr'>Romanos</span> <span class='ocrx_word' id='word_1_214' title='bbox 839 3723 1008 3777; x_wconf 81' lang='lat' dir='ltr'>exstitisse.</span> <span class='ocrx_word' id='word_1_215' title='bbox 1034 3726 1090 3777; x_wconf 86' lang='lat' dir='ltr'>Per</span> <span class='ocrx_word' id='word_1_216' title='bbox 1109 3725 1264 3777; x_wconf 78' lang='lat' dir='ltr'>saisinam</span> <span class='ocrx_word' id='word_1_217' title='bbox 1284 3723 1332 3777; x_wconf 90' lang='lat' dir='ltr'>iu-</span> 
     </span>
     <span class='ocr_line' id='line_1_30' title="bbox 268 3806 1334 3872; baseline 0.001 -11"><span class='ocrx_word' id='word_1_218' title='bbox 268 3807 424 3872; x_wconf 74' lang='lat' dir='ltr'>telliuitur</span> <span class='ocrx_word' id='word_1_219' title='bbox 440 3821 458 3861; x_wconf 90' lang='lat' dir='ltr'>a</span> <span class='ocrx_word' id='word_1_220' title='bbox 475 3807 617 3860; x_wconf 84' lang='lat' dir='ltr'>defuncto</span> <span class='ocrx_word' id='word_1_221' title='bbox 633 3806 671 3860; x_wconf 84' lang='lat' dir='ltr'>ad</span> <span class='ocrx_word' id='word_1_222' title='bbox 688 3806 829 3861; x_wconf 90' lang='lat' dir='ltr'>heredem</span> <span class='ocrx_word' id='word_1_223' title='bbox 848 3822 906 3862; x_wconf 92' lang='lat' dir='ltr'>non</span> <span class='ocrx_word' id='word_1_224' title='bbox 922 3808 1011 3862; x_wconf 91' lang='lat' dir='ltr'>modo</span> <span class='ocrx_word' id='word_1_225' title='bbox 1027 3807 1154 3862; x_wconf 90' lang='lat' dir='ltr'>dominii</span> <span class='ocrx_word' id='word_1_226' title='bbox 1170 3807 1222 3862; x_wconf 89' lang='lat' dir='ltr'>sed</span> <span class='ocrx_word' id='word_1_227' title='bbox 1238 3807 1334 3862; x_wconf 83' lang='lat' dir='ltr'>etiam</span> 
     </span>
     <span class='ocr_line' id='line_1_31' title="bbox 269 3891 828 3962; baseline 0 -17"><span class='ocrx_word' id='word_1_228' title='bbox 269 3892 473 3962; x_wconf 75' lang='lat' dir='ltr'>possessionis</span> <span class='ocrx_word' id='word_1_229' title='bbox 490 3891 556 3960; x_wconf 89' lang='lat' dir='ltr'>ipso</span> <span class='ocrx_word' id='word_1_230' title='bbox 568 3891 638 3958; x_wconf 88' lang='lat' dir='ltr'>jure</span> <span class='ocrx_word' id='word_1_231' title='bbox 653 3891 828 3945; x_wconf 81' lang='lat' dir='ltr'>translatio</span> 
     </span>
    </p>

    <p class='ocr_par' dir='ltr' id='par_1_6' title="bbox 302 3973 943 4042">
     <span class='ocr_line' id='line_1_32' title="bbox 302 3973 943 4042; baseline -0.003 -12"><span class='ocrx_word' id='word_1_232' title='bbox 302 3975 327 4030; x_wconf 72' lang='lat'>2.</span> <span class='ocrx_word' id='word_1_233' title='bbox 351 3977 379 4029; x_wconf 85' lang='lat' dir='ltr'>L.</span> <span class='ocrx_word' id='word_1_234' title='bbox 400 3974 459 4029; x_wconf 82' lang='lat' dir='ltr'>let</span> <span class='ocrx_word' id='word_1_235' title='bbox 474 3973 499 4040; x_wconf 67' lang='grc' dir='ltr'>Ι,</span> <span class='ocrx_word' id='word_1_236' title='bbox 515 3977 561 4039; x_wconf 87' lang='grc' dir='ltr'>Ι).,</span> <span class='ocrx_word' id='word_1_237' title='bbox 580 3976 684 4042; x_wconf 68' lang='lat' dir='ltr'>Empti.</span> <span class='ocrx_word' id='word_1_238' title='bbox 706 3977 821 4037; x_wconf 70' lang='lat' dir='ltr'>hereri,</span> <span class='ocrx_word' id='word_1_239' title='bbox 840 3974 883 4042; x_wconf 77' lang='lat' dir='ltr'>ll,</span> <span class='ocrx_word' id='word_1_240' title='bbox 902 3974 943 4028; x_wconf 80' lang='lat'>19.</span> 
     </span>
    </p>

    <p class='ocr_par' dir='ltr' id='par_1_7' title="bbox 268 4058 1332 4295">
     <span class='ocr_line' id='line_1_33' title="bbox 301 4058 1332 4130; baseline -0.001 -15"><span class='ocrx_word' id='word_1_241' title='bbox 301 4060 327 4115; x_wconf 84' lang='lat'>3.</span> <span class='ocrx_word' id='word_1_242' title='bbox 349 4059 415 4113; x_wconf 92' lang='lat' dir='ltr'>Vid.</span> <span class='ocrx_word' id='word_1_243' title='bbox 438 4059 512 4126; x_wconf 62' lang='lat' dir='ltr'>hig„</span> <span class='ocrx_word' id='word_1_244' title='bbox 531 4059 581 4113; x_wconf 91' lang='lat' dir='ltr'>lih.</span> <span class='ocrx_word' id='word_1_245' title='bbox 599 4061 673 4124; x_wconf 74' lang='lat' dir='ltr'>XLI,</span> <span class='ocrx_word' id='word_1_246' title='bbox 692 4061 738 4113; x_wconf 90' lang='lat' dir='ltr'>tit.</span> <span class='ocrx_word' id='word_1_247' title='bbox 758 4058 784 4113; x_wconf 84' lang='lat'>5.</span> <span class='ocrx_word' id='word_1_248' title='bbox 809 4062 839 4114; x_wconf 83' lang='lat' dir='ltr'>E.</span> <span class='ocrx_word' id='word_1_249' title='bbox 861 4061 973 4115; x_wconf 87' lang='lat' dir='ltr'>Duhois</span> <span class='ocrx_word' id='word_1_250' title='bbox 989 4061 1082 4130; x_wconf 81' lang='lat' dir='ltr'>negat</span> <span class='ocrx_word' id='word_1_251' title='bbox 1097 4059 1190 4116; x_wconf 90' lang='lat' dir='ltr'>ullam</span> <span class='ocrx_word' id='word_1_252' title='bbox 1202 4075 1264 4128; x_wconf 84' lang='lat' dir='ltr'>pro</span> <span class='ocrx_word' id='word_1_253' title='bbox 1279 4061 1332 4114; x_wconf 81' lang='lat' dir='ltr'>lte-</span> 
     </span>
     <span class='ocr_line' id='line_1_34' title="bbox 268 4138 1332 4212; baseline 0.005 -19"><span class='ocrx_word' id='word_1_254' title='bbox 268 4143 342 4194; x_wconf 81' lang='lat' dir='ltr'>rede</span> <span class='ocrx_word' id='word_1_255' title='bbox 360 4140 483 4210; x_wconf 89' lang='lat' dir='ltr'>proprie</span> <span class='ocrx_word' id='word_1_256' title='bbox 504 4138 616 4194; x_wconf 91' lang='lat' dir='ltr'>dictam</span> <span class='ocrx_word' id='word_1_257' title='bbox 637 4140 854 4211; x_wconf 88' lang='lat' dir='ltr'>usucapionem</span> <span class='ocrx_word' id='word_1_258' title='bbox 872 4141 1044 4196; x_wconf 78' lang='lat' dir='ltr'>iustiniano</span> <span class='ocrx_word' id='word_1_259' title='bbox 1063 4149 1201 4212; x_wconf 85' lang='lat' dir='ltr'>tempore</span> <span class='ocrx_word' id='word_1_260' title='bbox 1220 4140 1332 4198; x_wconf 85' lang='lat' dir='ltr'>fuisse.</span> 
     </span>
     <span class='ocr_line' id='line_1_35' title="bbox 271 4226 843 4295; baseline -0.002 -15"><span class='ocrx_word' id='word_1_261' title='bbox 271 4227 379 4292; x_wconf 79' lang='lat' dir='ltr'>(Notio.</span> <span class='ocrx_word' id='word_1_262' title='bbox 395 4227 497 4280; x_wconf 81' lang='lat' dir='ltr'>Revue</span> <span class='ocrx_word' id='word_1_263' title='bbox 512 4226 690 4295; x_wconf 79' lang='lat' dir='ltr'>historique,</span> <span class='ocrx_word' id='word_1_264' title='bbox 710 4227 763 4280; x_wconf 88' lang='lat' dir='ltr'>loc.</span> <span class='ocrx_word' id='word_1_265' title='bbox 780 4227 843 4291; x_wconf 84' lang='lat' dir='ltr'>cit.)</span> 
     </span>
    </p>
   </div>
   <div class='ocr_carea' id='block_1_6' title="bbox 0 0 1574 4962">
    <p class='ocr_par' dir='ltr' id='par_1_8' title="bbox 0 0 1574 4962">
     <span class='ocr_line' id='line_1_36' title="bbox 0 0 1574 4962; baseline 0 0"><span class='ocrx_word' id='word_1_266' title='bbox 0 0 1574 4962; x_wconf 95' lang='lat' dir='ltr'> </span> 
     </span>
    </p>
   </div>
  </div>
 </body>
</html>
