3114 4958
580 418 623 464 na
645 418 732 465 runa
750 416 906 465 runnrco.
1231 399 1274 464 37

211 537 387 624 redegitl.
402 564 418 601 »
440 576 481 590 -
507 542 599 608 Nero
622 540 756 626 primus
783 540 964 627 suppliciis
987 541 1198 610 christianos
1220 543 1275 610 at-

212 653 325 731 tlixit;
351 655 547 722 etiamtum
565 660 782 741 contemptos
804 662 840 724 et
855 676 981 742 parom
998 657 1158 742 cognitos
1169 659 1195 724 ².
1233 693 1274 707 -

212 772 303 838 Num
318 771 535 839 Domitianus
561 771 778 839 Christianos
795 772 994 855 vexaverit,
1016 773 1159 841 dubium
1183 777 1236 841 est
1247 775 1273 840 ³.

258 890 353 954 Raro
374 887 484 973 igitur
500 888 615 973 primo
641 889 770 955 saeculo
794 888 977 955 christiani
1002 891 1095 976 apud
1119 888 1276 957 ethnicos

213 1002 403 1089 scriptores
428 1003 675 1082 nominantur;
704 1005 816 1072 tudaei
845 1010 962 1072 autem
987 1007 1095 1072 multo
1122 1005 1273 1091 saepius,

214 1119 341 1200 adhuc,
360 1122 399 1185 nt
409 1119 486 1206 jam
503 1118 666 1203 diximus,
687 1122 731 1186 ab
751 1119 796 1186 iis
810 1121 902 1187 male
922 1120 1075 1188 discreti.

258 1237 335 1301 Jam
356 1235 516 1303 liberius
538 1238 601 1303 hos
624 1236 753 1302 acriter
778 1235 970 1302 insectatus
996 1236 1113 1303 eratl.
1137 1238 1206 1304 Sub
1234 1257 1275 1304 eo

214 1355 332 1419 actum
352 1352 395 1419 de
412 1352 523 1419 sacris
540 1351 719 1438 AEgyptiis
742 1351 966 1437 ludaicisque
982 1352 1154 1438 pellendis
1171 1373 1179 1419 :
1198 1355 1276 1420 tac-

212 1473 356 1553 tumque
372 1470 518 1535 Petrum
543 1469 738 1534 consultum
763 1473 799 1534 ut
817 1472 968 1553 quatuor
988 1467 1099 1534 millia
1121 1468 1275 1536 libertini

212 1585 368 1670 generis,
386 1603 430 1650 ea
447 1579 696 1670 superstitione
716 1584 857 1666 intecta,
880 1585 956 1670 quis
976 1584 1104 1652 idonea
1120 1587 1220 1667 aetas,
1240 1585 1276 1652 in

212 1701 366 1768 insulam
388 1701 588 1767 Sardiniam
608 1703 832 1784 veherentur,
848 1701 1049 1769 coercendis
1066 1702 1138 1768 illic
1162 1703 1275 1769 latro-

212 1817 327 1897 ciniis,
343 1820 377 1884 et
395 1801 485 1884 st‘ob
496 1819 723 1901 pronitatem
740 1819 822 1884 caeu
845 1819 1067 1896 interissent,
1087 1821 1161 1884 otta
1175 1821 1276 1885 durn-

211 1954 303 2001 num
322 1953 330 1998 ι
347 1932 456 2000 ceteri
481 1934 644 2000 cederent
672 1933 795 2015 ltalia,
828 1933 896 2000 nisi
922 1937 1054 2001 certam
1075 1938 1156 2001 ante
1184 1936 1275 2003 diem

210 2051 383 2137 profanos
408 2049 496 2115 ritus
520 2049 700 2116 exuissent
710 2051 735 2114 5.
761 2051 846 2124 Quae
869 2049 994 2116 ultima
1021 2050 1195 2117 sententia
1215 2051 1276 2116 Ti-

252 2342 275 2396 l.
300 2342 407 2397 Claud.
430 2338 473 2394 ld.

248 2425 274 2482 2.
296 2443 313 2478 «
326 2423 409 2491 (Post
424 2423 598 2480 incendium
617 2423 718 2478 Urbisl
735 2423 885 2478 abolendo
903 2424 1029 2490 rumori,
1044 2426 1123 2479 Nero
1138 2424 1278 2481 subdidit

211 2524 283 2568 reos
298 2509 329 2566 et
344 2508 572 2578 quaesitissimis
586 2508 685 2578 poenis
701 2508 814 2571 affecit,
831 2523 916 2576 quos,
928 2524 989 2576 per
1002 2511 1131 2578 fiaptttu
1147 2511 1275 2580 invisos,

213 2596 328 2659 vulgus
344 2593 535 2650 Christianos
557 2592 766 2662 appellabat...
787 2607 992 2662 repressaque
1011 2594 1042 2648 in
1057 2609 1194 2665 praesens
1208 2595 1274 2650 exi-

211 2679 333 2737 tiabilis
348 2677 528 2748 superstitio
542 2693 656 2732 rursus
670 2680 861 2745 erumpebat,
876 2692 935 2733 non
951 2678 1041 2733 modo
1055 2693 1112 2748 per
1128 2679 1274 2745 Judaeam,

212 2765 364 2834 originem
379 2765 446 2833 ejus
462 2761 546 2826 mali,
562 2762 615 2818 scd
630 2777 686 2832 per
699 2763 811 2817 Urbem
827 2762 931 2826 etiam,
945 2778 1004 2831 quo
1017 2764 1128 2818 cuncta
1143 2764 1275 2832 undique

212 2846 333 2902 atrocia
351 2846 406 2900 aut
424 2843 568 2914 pudenda
589 2843 746 2898 confluunt
769 2844 1034 2912 celebranturque.
1058 2845 1156 2912 Igitur
1176 2845 1275 2916 primo

211 2931 346 3000 correpti
367 2930 418 2998 qui
438 2928 627 2995 fatebantur,
644 2927 754 2982 deinde
778 2928 891 2983 indicio
910 2943 1026 2996 eorum,
1047 2929 1212 2985 multitudo
1227 2931 1274 2985 in·

211 3030 302 3086 gens,
319 3014 400 3069 haud
421 3013 548 3085 perinde
569 3012 600 3066 in
621 3013 750 3067 crimine
773 3013 922 3080 incendii,
945 3028 1037 3081 quam
1055 3016 1127 3070 odio
1142 3016 1275 3070 humani

211 3100 338 3169 pencris
352 3097 484 3153 convicti
501 3096 583 3152 sunt.
599 3114 614 3149 >›
629 3098 699 3150 Tac.
715 3099 796 3150 dnn.
813 3111 864 3163 xv,
880 3095 924 3151 ll.
935 3127 970 3136 -
981 3099 1052 3153 Haec
1067 3099 1163 3154 verba
1177 3116 1193 3152 ‹<
1207 3113 1273 3155 rur-

211 3198 265 3240 sus
288 3181 470 3252 erumpebat
484 3198 500 3234 »
513 3195 574 3235 non
596 3195 688 3235 unam
712 3181 959 3250 persecutionem
974 3182 1110 3238 indicare
1133 3183 1208 3238 mihi
1228 3184 1273 3239 vi-

211 3266 335 3323 dentur.

248 3352 276 3408 3.
296 3352 406 3407 Euseb.
429 3353 510 3433 Idist.
527 3353 633 3407 eccles.
651 3352 688 3421 ll,
710 3350 751 3406 18.
767 3381 802 3391 -
818 3352 862 3408 Gt.
880 3352 978 3420 Aubt,
994 3354 1074 3408 Hist.
1093 3356 1148 3408 des
1162 3354 1273 3421 persc'-

213 3438 334 3493 cuttons
349 3439 388 3491 dc
407 3437 533 3504 l'la'ptise
548 3434 678 3506 jusqu’d
696 3438 728 3492 lu
748 3437 794 3504 fin
815 3441 869 3492 des
888 3439 1053 3492 Antonias.
1073 3438 1175 3506 Paris,
1195 3437 1272 3508 1875,
1325 3469 1328 3474 -

211 3531 296 3573 c.1v.

248 3597 275 3654 b.
296 3598 454 3667 Augustus
465 3612 541 3665 erga
555 3613 607 3654 eos
622 3597 727 3653 mitior
741 3598 845 3654 fuerat
857 3599 987 3670 (loseph.
1000 3600 1103 3668 Antip.
1113 3601 1187 3666 jud.
1196 3601 1272 3667 XVI,

212 3698 260 3750 vr,
275 3681 318 3750 2).
333 3683 591 3737 -Tertullianus
615 3683 646 3737 in
666 3685 793 3751 Apolcp.
812 3681 829 3736 5
848 3684 978 3738 scribit:
995 3699 1011 3736 ‹<
1028 3683 1167 3739 Tiberius
1185 3684 1273 3753 cujus

212 3769 352 3839 tempore
366 3781 476 3821 nomen
497 3767 699 3823 christianum
718 3768 750 3822 in
765 3768 910 3823 saeculum
930 3767 1072 3835 intravit,
1088 3767 1273 3825 annuntiata

213 3853 272 3908 sibi
288 3868 327 3908 ex
343 3851 433 3921 Syria
443 3851 608 3907 Palaesuna
623 3867 689 3921 quae
704 3852 767 3907 illic
785 3853 948 3908 veritatem
963 3852 1054 3908 istius
1071 3852 1272 3910 divinationis

211 3937 400 4005 revelarent,
415 3936 527 3992 detulit
541 3936 580 3991 ad
593 3938 733 3992 senatum
748 3953 816 3991 cum
832 3937 1043 4008 praerogativa
1057 3936 1196 4005 suffragii
1211 3937 1269 3992 sui.

213 4023 359 4088 SenatuS,
383 4021 534 4089 quianon
556 4021 622 4093 ipse
640 4021 836 4091 probaverit,
858 4021 1005 4091 respuit:
1028 4024 1130 4076 Caesar
1149 4020 1180 4074 in
1202 4033 1268 4076 sen·

211 4107 311 4162 tentia
325 4105 451 4172 mansit,
468 4106 673 4161 comminatus
689 4106 859 4176 periculum
872 4106 1105 4160 accusatoribus
1120 4104 1268 4160 Christia-

211 4206 329 4246 norum.
343 4191 455 4254 »Quod
468 4206 578 4261 parum
593 4191 762 4247 verisimile
777 4193 835 4246 est.

245 4275 272 4333 5
293 4278 361 4332 Tac.
378 4279 456 4332 dan.
473 4275 562 4345 11,85.
