3114 4958
329 422 368 492 l8
730 442 830 496 ms
853 441 970 492 raros.

325 565 361 634 in
394 585 462 652 quo
488 567 553 634 sub
584 568 744 652 Augusto
775 566 984 652 Tiberioque
1009 563 1213 634 'clarissima
1241 564 1389 633 nomina

328 681 550 761 effulserant;
567 690 654 768 quot
669 681 762 749 enim
773 680 908 750 nobiles
918 686 1041 786 genpes
1053 699 1165 768 nuper
1180 680 1384 749 exstinctae!

326 803 413 884 quot
437 804 617 865 senatores
642 796 729 879 Caii,
756 797 917 879 Neronis,
944 796 1133 864 Domitiani
1158 796 1298 865 saevitia
1319 799 1389 864 ab·

243 906 246 911 ’
323 913 473 1000 sumpti-t
492 918 577 998 quot
592 917 654 979 aut
670 911 774 979 nullis
788 911 983 999 majoribus
996 917 1057 979 aut
1067 913 1303 998 provinciales
1320 913 1390 979 viri

326 1029 371 1098 iis
392 1028 587 1097 substituti!
609 1031 655 1094 :lit
678 1030 723 1096 ab
743 1028 914 1095 Hadriani
941 1035 1099 1115 tempore
1122 1033 1266 1096 senatus
1292 1029 1391 1116 apud

326 1144 504 1230 principes
514 1142 710 1211 auctoritas
722 1143 836 1210 minus
851 1138 1029 1224 valuerat;
1045 1163 1122 1210 cum
1137 1145 1230 1212 enim
1244 1150 1392 1230 Augus-

232 1247 234 1250 ’
327 1268 384 1326 tus
400 1259 436 1326 iu
453 1278 552 1326 suum
572 1258 755 1326 consilium
772 1262 953 1326 senatores
973 1261 1068 1327 solos
1084 1260 1298 1342 vocavisset,
1315 1253 1392 1328 Ha-

328 1374 472 1443 drianus
487 1375 523 1443 in
540 1374 577 1442 id
591 1376 725 1462 equites
738 1395 887 1462 quoque,
901 1377 1080 1463 praecipue
1091 1375 1386 1462 jurisconsultos,

327 1491 479 1578 primum
509 1492 649 1579 quidem
671 1510 695 1559 a
716 1501 841 1560 senatu
871 1493 1058 1579 probatoS,
1082 1492 1258 1559 vocavitl.
1284 1493 1393 1579 Cujus

328 1606 465 1674 consilii
489 1607 609 1692 gratia
632 1607 743 1675 crevit
758 1607 795 1674 in
820 1607 912 1690 dieS,
936 1605 1020 1693 quia
1037 1614 1072 1674 et
1094 1606 1209 1673 minus
1230 1611 1394 1674 metuen-

328 1723 411 1790 dum
430 1722 615 1790 videbatur
637 1728 673 1791 et
698 1723 736 1789 in
762 1742 803 1790 eo
823 1723 942 1808 plures
960 1721 1203 1809 jurisconsulti
1227 1711 1393 1790 invenie-

331 1842 457 1906 bantur
485 1859 493 1902 :
521 1838 597 1924 ejus
628 1839 820 1906 decisiones
848 1840 1003 1926 quotidie
1031 1839 1146 1926 majus
1177 1842 1393 1905 momentum

328 1945 525 2038 obtinuere,
549 1956 853 2023 senatusconsulta
874 1957 1044 2043 pauciora
1067 1957 1161 2023 facta
1184 1961 1277 2023 sunt.
1296 1957 1393 2022 Gon-

329 2071 407 2139 silio
428 2091 491 2140 suo
515 2071 595 2158 plus
614 2072 720 2139 etiam
738 2089 842 2157 quam
864 2073 1063 2159 superiores
1087 2071 1264 2159 principes
1291 2075 1394 2138 Mar-

329 2206 407 2255 cum
436 2207 500 2275 per
527 2188 734 2283 modestiam
762 2188 926 2256 tribuisse
954 2189 1139 2274 probabile
1167 2193 1237 2270 est,
1266 2188 1395 2256 alienis

329 2303 511 2372 sententiis
549 2304 712 2391 adjuvan
749 2322 902 2371 maxume
939 2295 1171 2372 studentem2.
1210 2308 1396 2374 Praeterea

303 2420 560 2506 magistratus
591 2437 739 2507 quorum
771 2420 924 2488 delectus
955 2439 998 2488 ex
1038 2420 1262 2508 imperatoris
1292 2422 1396 2489 arbi-

330 2537 398 2603 trio
431 2533 624 2623 pendebat,
655 2537 752 2603 velut
780 2537 967 2622 praefectus
994 2537 1181 2623 praetorio,
1213 2537 1396 2622 gradatim

324 2650 604 2738 jurisdictionem
625 2658 810 2732 auxerant,
832 2657 868 2718 et
885 2669 1031 2737 perraro
1050 2656 1233 2718 senatores
1252 2655 1393 2720 eraotss.

331 2770 385 2835 lta
399 2771 566 2834 Basseum
588 2767 716 2834 Rufum
737 2767 844 2834 Marci
864 2767 1030 2834 Antonini
1051 2747 1221 2852 praetorio
1242 2769 1398 2854 praefec-

331 2879 630 2950 tum'humillima
653 2901 698 2950 ex
721 2883 859 2967 origine
887 2891 1008 2950 natum
1036 2883 1205 2950 traditum
1233 2889 1297 2951 est.
1327 2885 1397 2960 Qui

332 2999 456 3078 etiam,
475 3018 555 3097 'cum
571 3017 639 3066 ¹uttan
661 3001 768 3066 semel
784 2997 977 3085 provinciae
993 3017 1126 3086 praeses
1146 2999 1288 3083 suisset,
1305 3020 1397 3087 pro-

331 3119 474 3182 curator
492 3133 514 3181 a
530 3115 727 3182 rationibus
742 3115 873 3182 electus
889 3115 977 3182 esta.
996 3121 1074 3202 lpse
1090 3118 1228 3183 Marcus
1243 3117 1399 3204 praefec-

332 3236 386 3299 tos
401 3231 581 3318 praetorio,
596 3231 656 3318 qui
668 3231 819 3318 primum
833 3235 968 3298 tantum
983 3231 1209 3317 praetorianis
1225 3232 1397 3302 militibus

370 3437 393 3495 l.
414 3440 476 3497 Hoc
486 3438 647 3496 consilium
662 3439 731 3495 dein
744 3439 969 3496 accustantino
980 3441 1197 3496 consistorium
1205 3439 1398 3513 appellatum

332 3524 390 3582 est.

367 3609 390 3666 Ξ.
419 3609 653 3681 Ἐιςέαυτόν,νΙΙ,
671 3609 697 3668 5.

366 3696 392 3751 3.
414 3713 429 3748 «
450 3697 565 3752 Habuit
577 3710 679 3751 seeum
696 3696 860 3768 praefectos
876 3710 1003 3764 quorum
1018 3696 1050 3751 et
1065 3695 1251 3751 auctoritate
1265 3695 1297 3751 et
1311 3697 1397 3768 peri-

331 3783 399 3836 culo
424 3796 545 3852 semper
569 3783 642 3852 jura
666 3783 807 3838 dictavit.
830 3800 846 3836 ›>
867 3783 996 3853 Capitol.
1016 3784 1057 3836 Μ.
1081 3786 1150 3837 Ant.
1176 3783 1261 3837 Phil.
1286 3781 1328 3838 ll.
1352 3783 1397 3838 Cf.

332 3867 518 3932 Hirschfeld,
542 3869 811 3936 Untarsuebunpcn
832 3868 896 3933 aas
910 3871 982 3921 dein
1000 3867 1118 3922 Gabiete
1139 3871 1197 3922 der
1211 3871 1399 3925 roemtscben

338 3953 728 4020 Verwaltaupsqescbicbte.
747 3953 858 4020 berlin,
891 3953 953 4021 876,
970 3969 989 4023 p
1015 3952 1076 4007 att.
1089 3982 1124 3992 —
1137 3954 1210 4007 Add.
1230 3955 1399 4024 spartian,

331 4028 489 4092 Horti-ton.
511 4039 545 4105 83
570 4040 711 4108 Capitol,
734 4040 853 4092 Partiri.
875 4037 905 4108 2,
928 4039 1035 4108 Tacit,
1060 4039 1138 4093 Hist.
1164 4039 1210 4108 lV,
1235 4037 1284 4110 bd,
1308 4042 1399 4110 Suet,

338 4124 392 4176 Tit.
409 4121 440 4191 63
457 4123 623 4193 lamprid,
640 4126 686 4178 At.
703 4127 780 4191 Sea„
796 4123 831 4178 ft)
1156 4183 1157 4188 χ

367 4208 393 4264 l.
415 4208 517 4277 Orelli,
533 4205 611 4264 3514.
629 4211 693 4278 Dio,
710 4211 814 4279 bxlll,
828 4207 855 4279 ὅ,
873 4210 970 4266 refert
984 4209 1096 4266 Rufum
1114 4210 1242 4265 latinam
1258 4208 1399 4278 linguam

332 4293 412 4349 male
428 4292 631 4350 intellexisse.
