3128 4962
286 431 330 500 78
661 449 747 498 raas
771 449 969 498 rosrsmoa.

213 597 217 604 ·
330 575 394 642 Hic
408 574 527 652 etiam,
551 576 589 640 ut
599 572 675 659 jam
696 573 732 639 iu
753 572 833 640 aliis
854 571 940 640 locis
960 571 1179 655 notavimus,
1196 572 1348 657 August

287 690 514 778 priorumque
529 687 780 775 imperatorum
796 690 841 756 ab
860 686 1031 774 exemplis
1047 686 1214 754 Antonini
1232 705 1353 756 reces-

287 809 409 874 serunt
418 805 478 892 qui
496 803 828 872 manumissionibus
839 823 902 891 per
914 802 1086 891 plurimas
1097 804 1207 889 leges,
1219 803 1353 872 AEliam

289 919 982 1005 Sentiam,Fufiamcauiniaml,.luuiam
993 920 1197 989 Norbauam
1209 920 1354 989 modum

288 1015 541 1126 imposuerant.
574 1039 675 1104 Nova
703 1036 933 1104 mansuetudo
957 1037 993 1104 in
1026 1037 1124 1124 leges
1147 1036 1355 1106 introducta

289 1158 360 1234 est;
384 1154 482 1222 nulla
499 1151 615 1220 subita
637 1155 672 1220 et
692 1153 895 1220 turbulenta
919 1152 987 1221 fuit
1008 1153 1136 1222 veteris
1148 1153 1241 1242 juris
1257 1173 1355 1221 eom-

290 1269 454 1354 mutatio;
469 1269 529 1338 sed
546 1288 668 1356 graeca
681 1269 908 1357 philosophia
921 1290 1009 1359 opus
1023 1271 1155 1360 incepit
1165 1271 1259 1359 quod
1271 1271 1355 1341 dein

290 1385 484 1457 christiana
496 1384 621 1472 religio
638 1389 848 1454 exsecutura
862 1389 952 1454 erat.

236 1522 240 1531 ·
334 1505 406 1570 Nec
429 1503 538 1569 Marci
564 1501 765 1570 humanitas
791 1503 826 1568 iu
854 1501 1138 1589 intempestivam
1166 1503 1275 1570 animi
1295 1522 1357 1572 re-

291 1617 490 1685 missionem
509 1615 711 1697 excidebat3
732 1636 809 1684 eam
829 1617 934 1698 euim,
953 1617 1009 1684 cui
1024 1637 1240 1706 summaopa
1255 1620 1355 1688 save·

291 1735 370 1816 bat,
403 1732 602 1824 libertatern
631 1751 702 1799 uou
733 1734 833 1818 quasi
860 1733 1011 1820 pretium
1038 1753 1103 1820 pro
1131 1735 1272 1804 feritate
1298 1736 1358 1803 vel

291 1850 455 1939 populari
492 1867 580 1916 aura
609 1849 859 1936 profundebat.
900 1851 984 1918 Cum
1017 1852 1118 1939 plebs
1151 1851 1187 1918 iu
1214 1852 1357 1919 theatro

292 1966 451 2056 petiisset
465 1967 504 2033 ut
518 1965 629 2032 leonis
642 1965 801 2034 domiuus
817 1964 982 2052 ingentis,
992 1968 1085 2053 quod
1102 1968 1229 2036 multos
1244 1968 1361 2035 homi-

294 2101 355 2150 nes
365 2081 562 2149 voravisset
573 2080 735 2166 insignis,
748 2075 1065 2166 manumitteretur,
1079 2100 1143 2169 per
1155 2101 1358 2169 praeconem

292 2195 475 2284 respondit
498 2196 596 2264 illum
623 2196 672 2262 nil
698 2195 823 2264 fecisse
847 2200 886 2263 ut
910 2195 1075 2266 libertate
1102 2197 1231 2282 diguus
1257 2198 1361 2267 vide-

294 2315 433 2393 retur2;
461 2311 532 2380 imo
556 2311 646 2380 tales
663 2311 700 2379 in
722 2311 814 2379 circo
840 2312 1133 2380 manumissiones
1150 2333 1220 2382 uon
1237 2314 1360 2382 valere

294 2428 483 2497 decreviti.
1416 2510 1418 2515 .

338 2549 356 2614 J
360 2565 424 2614 ura
439 2543 659 2613 dominorum
681 2543 811 2611 laedere
829 2543 972 2627 metuit,
993 2544 1144 2612 fortasse
1168 2543 1359 2627 nimium&

295 2681 365 2730 uou
386 2661 490 2730 eredo
519 2662 637 2728 tamen
664 2678 743 2727 eum
771 2661 996 2727 vehementer
1016 2660 1230 2747 reprehendi
1253 2679 1361 2749 posse

295 2779 389 2866 quod
402 2797 445 2846 ea
456 2775 663 2864 protexerit.
678 2778 717 2843 ln
732 2775 870 2860 legibus
884 2774 976 2842 euim
990 2776 1179 2845 condendis
1192 2795 1253 2845 eos
1263 2777 1361 2865 ipsos

295 2895 355 2983 qui
384 2913 521 2963 summa
545 2893 721 2980 potestate
745 2891 908 2960 fruuntur
934 2895 1130 2979 respectum
1158 2912 1293 2962 morum
1325 2897 1362 2962 et
1401 2925 1404 2931 ’

334 3116 358 3172 l.
378 3116 427 3172 Sic
445 3113 527 3187 apud
547 3113 655 3170 Gaium
676 3111 854 3168 nominatur
875 3113 1009 3179 (comm.
1030 3127 1057 3183 1,
1081 3112 1125 3171 lsi.
1146 3115 1193 3190 ed.
1217 3115 1343 3182 Dubois)
1350 3132 1360 3188 3

296 3202 386 3259 Fusia
400 3200 527 3257 caniuia
538 3199 570 3255 et
581 3197 673 3254 Furia
684 3197 810 3253 Cauiuia
825 3211 944 3268 quoque
962 3199 1121 3271 appellata
1135 3200 1192 3258 est.

333 3287 360 3343 2.
381 3287 445 3342 Dio.
462 3299 544 3342 cxxv.
560 3282 604 3340 29.
1131 3279 1133 3284 “

331 3371 359 3428 3.
380 3388 396 3424 «
415 3370 445 3425 Si
466 3368 610 3441 privatus
628 3365 753 3423 coactus
779 3380 798 3421 a
823 3366 936 3438 populo
962 3369 1191 3439 manumiserit,
1218 3372 1362 3439 quamvis

298 3455 491 3513 voluntatem
508 3449 798 3518 accommodaverit,
818 3449 998 3506 tamennon
1015 3452 1075 3507 erit
1091 3452 1178 3523 liber,
1195 3467 1266 3509 nam
1281 3455 1313 3511 et
1327 3456 1362 3510 D.
1429 3494 1431 3498 .

297 3544 419 3598 Marcus
449 3537 609 3611 prohibuit
634 3550 674 3592 ex
699 3533 923 3590 acclamatione
950 3536 1055 3607 populi
1092 3538 1363 3595 manumittere.»

298 3629 329 3683 L.
342 3626 384 3696 17,
395 3641 454 3697 pr.‚
470 3625 527 3684 Qui
535 3628 564 3678 et
577 3623 744 3694 aquibus...
756 3617 799 3685 ld,
810 3617 838 3674 9.
848 3649 882 3660 -
891 3635 907 3673 <<
918 3623 951 3675 Ι).
964 3622 1068 3676 Marco
1084 3624 1219 3691 auctore,
1237 3624 1363 3694 amplis·

299 3713 396 3770 simus
412 3710 486 3766 ordo
506 3707 627 3764 censuit
646 3705 765 3773 nequis
786 3704 962 3774 spectaculo
986 3705 1067 3774 quod
1090 3705 1201 3762 edatur
1226 3711 1365 3764 actorem

299 3811 387 3854 suum
403 3795 577 3851 alienumve
591 3805 714 3849 servum
731 3789 973 3855 manumitteret,
991 3791 1022 3844 at
1038 3790 1063 3844 si
1077 3789 1194 3846 factum
1207 3793 1291 3848 esset
1306 3807 1364 3863 pro

297 3882 412 3938 infecto
427 3879 603 3936 haberetur.
617 3894 633 3932 v
646 3878 676 3930 L.
691 3875 717 3942 3,
735 3875 764 3929 C.
779 3875 817 3941 J,
835 3875 893 3933 Oui
908 3887 1049 3928 manum.
1066 3873 1093 3941 7,
1112 3873 1154 3930 ll.

334 3966 360 4023 l.
381 3983 397 4020 «
417 3968 450 4022 b.
466 3967 588 4022 Marcus
603 3961 742 4017 oratione
757 3973 848 4028 quam
871 3959 902 4012 in
924 3959 1033 4013 senatu
1054 3959 1210 4028 recitavit,
1235 3960 1366 4017 faculta·

298 4053 362 4109 tem
376 4050 461 4107 dedit
475 4045 665 4118 ingrediendi
683 4046 747 4100 tarn
765 4042 895 4098 Caesaris
911 4055 1002 4110 quam
1022 4044 1200 4098 sanatorum
1216 4044 1248 4099 et
1262 4057 1362 4116 paga-

299 4151 408 4195 norum
423 4133 541 4208 praedia
556 4130 731 4187 volentibus
746 4125 898 4193 fugitivos
918 4125 1074 4194 inquirere
1094 4128 1290 4198 scrutarique
1309 4145 1363 4185 cu-

299 4221 376 4278 bilia
389 4221 481 4291 atque
497 4215 634 4284 vestigia
652 4209 930 4269 occultandum...
951 4223 967 4262 v
981 4208 1011 4263 L.
1030 4208 1060 4277 3,
1078 4210 1123 4278 D.,
1140 4211 1179 4266 de
1194 4213 1362 4281 Fopdivta,

303 4306 345 4377 ll,
361 4304 393 4376 43
409 4305 453 4362 cd.
471 4303 491 4359 l.
511 4295 669 4366 isleta,
686 4298 755 4351 eod.
774 4294 819 4348 tit.
