3114 4958
319 409 342 475 6
758 422 950 470 murro.

322 552 488 630 mamus,
517 566 561 613 ne
587 544 667 614 Gaii
691 545 851 631 quidem,
880 543 1042 630 quamvis
1068 545 1238 612 memoria
1260 549 1387 614 nostra

320 663 483 734 maxima
520 681 604 749 pars
641 659 736 727 illius
764 659 1010 747 jurisconsulti
1044 659 1386 730 commentariorum

320 785 417 852 lecta
436 789 472 849 et
489 779 668 867 explicata
684 779 731 845 sit
742 781 765 844 ¹.
790 777 937 845 llodirae
956 778 1163 845 eruditionis
1181 792 1217 847 et
1240 780 1386 865 exiguae

321 897 358 964 iu
379 895 614 984 dijudicandis
635 896 739 962 rehus
759 893 965 959 subtilitatis
980 893 1197 961 breviantes
1213 902 1249 962 et
1264 897 1385 984 scrip-

321 1017 419 1082 tores
442 1013 617 1092 vitarum,
634 1008 922 1098 jurisperitorum
949 1007 1150 1092 fragmenta
1177 1029 1240 1096 per
1269 1013 1385 1079 Justi-

320 1127 419 1196 uiaui
435 1127 632 1194 Pandectas
650 1144 793 1212 sparsa,
809 1142 925 1210 pauca
941 1124 1074 1209 placita
1090 1125 1246 1211 ejusdem
1263 1127 1387 1195 Codici

319 1243 466 1324 inserta,
485 1239 731 1326 inscriptiones
742 1239 806 1304 illa
816 1243 923 1305 aetate
935 1238 1009 1306 lere
1024 1240 1218 1308 inunmerae
1233 1242 1295 1308 sed
1312 1263 1386 1311 uon

320 1378 442 1429 omues
464 1357 545 1445 pari
566 1356 635 1422 fide
653 1355 789 1440 diguae,
807 1354 974 1440 denique,
994 1356 1088 1440 quod
1108 1357 1154 1423 ad
1170 1359 1386 1427 christianos

319 1475 463 1554 attinet,
479 1469 708 1542 ecclesiastici
724 1469 913 1557 scriptores
928 1470 1030 1536 uobis
1046 1471 1247 1558 adjumento
1264 1479 1383 1542 eruut.

363 1593 482 1658 Marco
518 1587 695 1655 Antonino
731 1587 825 1673 apud
852 1586 1064 1653 recentiores
1094 1605 1162 1654 nou
1195 1587 1386 1658 delueruut

319 1705 546 1774 historiarum
568 1703 758 1788 scriptores
767 1704 794 1782 ²,
813 1720 925 1786 neque
941 1701 1143 1787 philosophi
1164 1703 1225 1788 qui
1244 1704 1288 1771 de
1305 1705 1386 1791 ejus

318 1822 409 1890 libro
437 1819 660 1906 disputarent
670 1819 697 1896 ³,
724 1836 872 1903 quorum
895 1817 1060 1903 operibus
1090 1818 1198 1885 etiam
1227 1825 1382 1889 utemur.

355 2069 380 2125 l.
400 2069 454 2125 His
468 2067 703 2124 commentariis
719 2071 842 2121 utemur
862 2079 937 2136 quos
958 2065 1056 2121 edidit
1074 2067 1107 2120 E.
1123 2067 1236 2123 Duhuis
1251 2083 1291 2124 ex
1308 2071 1382 2126 Stu-

317 2155 461 2216 demuudi
477 2153 662 2226 npograpuo
678 2153 818 2216 (Lutetiae
833 2152 1032 2220 Parisiorum,
1048 2151 1138 2218 1880).

353 2238 380 2296 2.
401 2239 482 2296 luter
496 2252 573 2308 quos
586 2237 740 2308 imprimis
755 2236 944 2292 memorandi
960 2241 1051 2292 suut:

352 2325 478 2380 Gentier
491 2323 529 2378 de
543 2323 655 2390 Sihert,
669 2323 736 2376 Vter
749 2325 803 2376 dea
817 2336 998 2390 empereurs
1015 2323 1231 2377 tite-Antonin
1241 2327 1270 2376 et
1276 2325 1382 2382 Marc·

317 2407 438 2465 turen.
455 2407 553 2475 Paris,
571 2403 648 2462 non

350 2492 485 2563 Ripault,
503 2490 713 2547 Marc-Aurele
733 2505 773 2545 on
792 2492 929 2547 Histoire
946 2492 1183 2562 philosophique
1196 2495 1234 2546 de
1253 2494 1381 2563 t'empe-

314 2591 391 2633 reur
402 2577 647 2632 Marc-Antonin.
662 2575 759 2643 Paris,
777 2573 854 2630 ¹820.

350 2663 383 2718 ll.
399 2662 436 2718 de
451 2661 584 2726 Suclsau,
597 2662 696 2716 Etude
707 2676 764 2716 sur
774 2660 1003 2716 Marc-Aurele.
1014 2661 1112 2730 Paris,
1130 2659 1208 2721 leti,

350 2751 384 2803 Α.
400 2746 537 2818 lleysler,
556 2749 599 2801 De
615 2749 682 2802 vito
701 2750 730 2800 et
745 2748 877 2814 placitis
897 2747 1001 2801 Marci
1015 2748 1139 2801 Aurelii
1152 2750 1301 2804 Antonini
1320 2752 1382 2806 im·

309 2834 483 2904 peratore.
499 2832 666 2903 (Enipouti,
684 2829 762 2887 ¹858.

349 2919 422 2974 Noti
438 2919 491 2975 des
504 2921 648 2987 Vergers,
666 2919 761 2973 lierni
780 2933 836 2973 eur
855 2917 1066 2972 Marc-Aurele
1082 2917 1206 2986 ct’apres
1222 2919 1266 2974 ter
1282 2915 1380 2977 doeul

313 3009 413 3060 menta
427 3001 675 3074 eptprapntqees.
691 3003 788 3069 Poris,
807 3000 886 3057 leot.

349 3089 446 3162 impp,
470 3091 513 3144 De
541 3090 631 3143 rebus
659 3090 697 3143 at
729 3089 919 3156 imperatore
944 3088 985 3142 M.
1013 3089 1139 3144 Aurelio
1164 3093 1316 3147 Antonino
1345 3093 1382 3148 in

320 3175 443 3230 Oriente
455 3175 560 3243 pestis.
576 3175 670 3240 Bouu,
687 3171 766 3228 1879.

349 3261 381 3316 E.
397 3261 517 3328 henan,
546 3257 749 3326 consererent
771 3259 1015 3327 ct'Anpteterr-e...
1030 3258 1253 3316 Mare-Aurele.
1275 3261 1380 3332 Paris,

349 3429 391 3486 ld.
411 3427 628 3484 Marc-Aurtte
642 3432 671 3483 et
683 3429 715 3484 tc
726 3428 772 3497 fin
784 3430 828 3483 dc
841 3430 954 3483 monde
969 3429 1106 3499 antique.
1121 3429 1219 3498 Paris,
1236 3428 1304 3485 1882

348 3513 415 3570 Vid.
437 3513 531 3570 etiem
555 3527 661 3568 omues
683 3525 736 3568 eos
758 3512 809 3582 qui
831 3511 868 3568 de
890 3512 1019 3584 imperio
1041 3527 1168 3568 romano
1191 3515 1381 3586 generaliter

312 3597 533 3664 disseruerunt,
550 3599 589 3653 Le
603 3597 681 3653 Nain
696 3597 734 3653 de
748 3596 920 3664 tillemont
939 3597 976 3654 de
988 3599 1198 3669 Champagny,
1215 3601 1378 3673 Merivale‚

313 3683 420 3754 Zeller,
432 3684 545 3753 Duruy,
558 3684 616 3738 etc.
628 3682 762 3738 —Liber
776 3683 863 3752 cujus
879 3682 1059 3759 inscriptio:
1074 3685 1211 3740 Histoire
1225 3688 1264 3740 ote
1277 3687 1381 3743 More-

311 3767 432 3833 Aurtle,
448 3782 613 3836 empereur
623 3769 760 3833 romain,
772 3782 854 3837 vray
868 3769 981 3824 miroir
995 3772 1024 3822 et
1037 3770 1162 3837 ltorlope
1176 3773 1230 3824 des
1238 3773 1379 3840 princes,

310 3853 468 3909 recnetttie
488 3867 551 3921 ραν
575 3854 603 3908 le
624 3855 651 3908 S.
675 3855 741 3908 Don
759 3854 889 3909 Antoine
909 3857 947 3909 cte
971 3855 1166 3910 Gueucrre...
1190 3859 1293 3912 trad...
1310 3872 1381 3925 par

310 3939 347 3994 R.
368 3939 402 3992 Β.
427 3939 466 3991 cte
484 3937 588 4003 Grise,
611 3940 722 4006 depuis
741 3952 853 3995 revene
875 3944 903 3994 et
923 3925 1100 4008 corripee...
1122 3954 1185 4008 por
1206 3941 1263 4008 feu
1284 3945 1324 3998 N.
1340 3947 1380 4000 de

310 4021 501 4091 Herteroy...
523 4021 621 4090 Puris,
638 4037 757 4093 unnxv,
773 4026 815 4081 nil
832 4024 893 4082 ulsi
909 4025 1276 4094 fabulaest.-njusdem
1290 4027 1379 4098 priu-

313 4105 390 4178 cipis
401 4107 608 4178 Panegyricus
624 4124 714 4180 quem
730 4111 867 4167 Thomas
891 4111 1121 4182 elegantissime
1143 4111 1277 4184 scripsit,
1293 4115 1328 4168 A.
1344 4115 1379 4170 n.

313 4187 391 4260 1⁷70,
409 4205 518 4262 perum
534 4192 678 4250 historlae
693 4194 829 4265 prodest.

347 4275 374 4332 3.
397 4279 530 4341 Quorum
553 4279 749 4338 enumeratio
771 4280 936 4356 reperitur,
961 4280 1107 4339 accurato
1130 4281 1222 4351 setis,
1243 4279 1323 4353 apud
1342 4283 1378 4341 Α.
