3128 4962
305 345 349 418 76
682 370 768 420 enas
792 371 992 421 noscentes.

305 493 434 560 tionem
466 492 648 562 instituere
679 496 723 561 ob
751 494 962 562 adulterium
995 495 1126 563 domini
1157 497 1367 583 debuerunt,

305 609 431 677 nedum
449 629 509 678 eos
529 610 596 697 ipsi
615 611 786 698 supplicio
805 611 945 678 afficere
965 617 1142 699 possentl.
1170 618 1214 682 De
1236 617 1370 684 talibus

305 726 422 794 causis
441 727 629 813 praefectus
647 727 742 794 urbis
758 747 971 812 cognoscere
989 729 1138 797 debebat
1148 733 1174 797 2.

254 904 257 910 .
349 845 397 911 De
423 844 754 911 manumissionibus
777 845 849 912 fere
876 846 1070 914 innumerae
1092 847 1230 915 fuerunt
1257 849 1369 916 Marci

305 959 570 1030 constitutiones
590 982 597 1026 :
617 961 708 1028 inter
725 981 811 1047 quas
830 961 1009 1048 praecipue
1024 965 1080 1030 hae
1095 964 1273 1032 notandae.

349 1080 432 1147 Cum
451 1097 572 1145 servus
591 1096 634 1145 ea
648 1079 726 1160 lege
742 1077 902 1145 venditus
915 1081 977 1145 aut
991 1080 1140 1147 donatus
1157 1084 1249 1148 esset
1266 1083 1305 1147 nt
1320 1083 1368 1148 ab

303 1198 461 1282 emptore
486 1195 541 1261 vel
566 1193 751 1262 donatario
781 1194 1099 1277 manumitteretur,
1129 1196 1251 1264 etiam·
1269 1197 1369 1264 nulla

249 1305 256 1314 ’
300 1311 572 1378 manumissione
611 1311 864 1379 interveniente
901 1311 946 1378 ad
986 1313 1187 1380 libertatem
1228 1332 1365 1400 perve-

303 1427 462 1494 niebatl.

348 1543 431 1610 Cum
451 1562 545 1629 saepe
568 1542 644 1608 fieri
665 1544 784 1629 posset
805 1546 844 1610 ut
867 1545 968 1610 heres
986 1564 1008 1609 a
1029 1547 1238 1611 testamento
1259 1545 1367 1637 insti-

299 1663 392 1726 tutus
413 1660 457 1726 ob
474 1659 555 1726 aeris
573 1658 678 1725 alieni
697 1660 900 1726 hereditarii
920 1660 1198 1744 magnitudinem
1216 1661 1366 1729 heredi-

299 1778 406 1843 tatem
428 1774 527 1843 adire
549 1779 740 1841 recusaret.
761 1781 865 1861 atque
889 1775 939 1842 ita
962 1778 1091 1862 legatae
1115 1776 1299 1845 libertates
1321 1799 1368 1846 ex

296 1892 378 1980 jure
391 1891 483 1959 civili
500 1910 567 1958 non
577 1891 652 1977 jam
669 1893 890 1972 deberentur,
907 1893 1087 1978 rescripsit
1099 1896 1248 1974 Marcus,
1266 1895 1365 1962 nullo

299 2009 428 2075 herede
452 2008 631 2085 adstante,
657 2009 750 2074 bona
774 2009 904 2074 addici
924 2026 1042 2092 posse,
1063 2007 1097 2075 id
1114 2012 1166 2075 est
1183 2029 1205 2075 a
1225 2010 1365 2094 magis-

297 2126 393 2191 tratu
416 2123 561 2190 attribui
580 2124 611 2190 ei
633 2147 648 2184 «
673 2122 732 2208 qui
758 2123 990 2190 creditoribus
1014 2127 1156 2191 caveret
1182 2127 1225 2192 de
1248 2127 1364 2192 solido

298 2240 390 2326 qnod
416 2239 541 2325 cuique
565 2240 751 2306 deberetur
778 2240 957 2306 solvendo,
984 2263 1000 2300 »
1025 2239 1148 2305 Statim
1173 2241 1232 2326 qui
1253 2261 1274 2308 a
1296 2243 1363 2309 de-

298 2357 416 2424 tuncto
434 2358 613 2424 directam
630 2355 828 2422 libertatem
847 2358 1068 2440 acceperant,
1091 2356 1192 2424 liberi
1209 2359 1361 2438 fiebant;

294 2473 354 2560 qui
375 2473 782 2556 fideicommissariam,
808 2471 1076 2539 manumittendi
1101 2471 1152 2538 illi
1179 2477 1281 2540 erant
1305 2477 1363 2542 cui

293 2591 386 2658 bona
403 2589 544 2656 addicta
555 2588 580 2654 1.
603 2589 810 2674 Quanquam
830 2590 906 2655 haec
926 2587 1128 2656 constitutio
1152 2589 1361 2657 nominatim

295 2707 337 2774 de
365 2706 528 2773 libertate
556 2707 765 2771 testamento
793 2704 877 2770 data
907 2707 1042 2771 tantum
1068 2707 1305 2788 tractaverat,
1331 2710 1362 2776 si

295 2823 372 2909 quis
395 2822 559 2888 intestato
577 2821 749 2886 decedens
768 2820 938 2887 codicillis
959 2820 1158 2888 libertatem
1184 2823 1362 2890 nonnullis

294 2938 405 3006 servis
430 2936 599 3016 dedisset,
632 2955 745 3022 neque
774 2936 953 3004 hereditas
984 2939 1028 3002 ab
1066 2937 1232 3004 intestato
1261 2939 1362 3006 adita

294 3060 396 3133 esset,
420 3053 578 3119 adhunc
605 3071 745 3138 quoque
769 3072 887 3118 casum
914 3053 1070 3120 favorem
1098 3053 1361 3122 constitutionis

294 3171 436 3238 extendi
451 3169 585 3257 placuit
597 3171 622 3236 5.

327 3391 352 3446 l.
374 3393 404 3447 L.
424 3390 451 3459 5,
469 3394 518 3460 l).,·
530 3394 567 3447 αθ
582 3397 732 3456 accusat,
749 3389 834 3454 101.

325 3476 352 3531 1.
375 3479 405 3532 L.
425 3476 447 3542 1,
464 3476 476 3540 S
491 3475 516 3531 5.
535 3479 580 3543 0.,
596 3480 634 3531 αθ
648 3475 699 3542 off.
711 3477 857 3543 prefecti
871 3478 968 3542 tarbis,
987 3475 1009 3542 l,
1029 3476 1070 3531 11.

325 3561 351 3617 3,
375 3564 404 3617 L.
423 3561 465 3630 10,
481 3560 525 3618 10.
541 3564 586 3629 l),
603 3565 641 3616 αθ
655 3576 796 3616 monum.
812 3559 855 3626 10,
872 3561 904 3628 1;
922 3561 946 3628 1,
961 3561 987 3627 3,
1008 3558 1035 3629 6,
1056 3564 1100 3626 0.,
1124 3563 1177 3632 qui
1198 3564 1265 3616 sine
1286 3577 1355 3618 ma·

296 3662 381 3703 num.
391 3645 434 3702 10.
444 3646 475 3714 8;
490 3646 506 3703 3
519 3647 532 3711 S
544 3646 571 3714 3,
585 3649 617 3702 l).
630 3650 667 3701 αθ
679 3644 808 3712 suis,38,
820 3643 862 3716 16;
881 3645 925 3711 30,
941 3650 986 3711 0.,
998 3651 1036 3702 αθ
1051 3649 1293 3712 liberationum,
1309 3646 1354 3718 10,

292 3731 338 3800 11,
356 3731 382 3800 1,
399 3731 468 3787 Cod.
480 3732 569 3790 Just..
584 3733 613 3786 si
628 3733 834 3800 mancipium,
847 3729 873 3800 1,
889 3729 922 3785 57
931 3747 939 3800 3
954 3731 981 3798 3,
997 3733 1041 3800 D,
1054 3735 1091 3786 αθ
1106 3734 1188 3801 tegit.
1203 3730 1354 3799 100101.

325 3815 351 3872 1.
374 3817 474 3871 Verba
485 3815 713 3872 constitutionis
735 3830 754 3871 a
772 3816 944 3871 iustiniano
964 3816 1083 3871 tradita
1101 3817 1181 3878 sunt,
1205 3817 1244 3872 ad
1266 3819 1353 3872 Pom-

292 3902 400 3973 pilium
422 3901 532 3956 Ruium
563 3901 723 3971 quemdam
748 3901 881 3972 scriptae,
905 3917 993 3971 quem
1015 3901 1200 3971 Theophilus
1215 3902 1355 3969 Verginii

293 3986 430 4044 Valentis
446 4001 569 4040 servum
585 3986 681 4041 fuisse
697 3985 803 4056 putat;
821 3987 885 4040 haec
909 3989 1014 4040 autern
1038 3985 1161 4040 nomina
1179 3986 1283 4055 potius
1307 3987 1353 4040 in·

290 4071 381 4140 genui
398 4070 529 4124 hominis
544 4069 592 4124 exi
601 4070 705 4124 stimat
721 4070 858 4126 Vinnius.
877 4069 945 4124 Vid.
959 4071 1033 4125 lust.
1050 4084 1094 4138 111,
1113 4069 1143 4123 ll
1154 4087 1162 4139 ;
1185 4071 1202 4124 l.
1220 4067 1236 4124 6
1257 4071 1288 4126 et.
1310 4069 1352 4139 l5,

290 4159 321 4212 0.
334 4158 370 4225 1,,
386 4158 423 4210 αθ
438 4159 558 4210 testam.
573 4169 714 4210 manum.
731 4153 756 4222 7,
772 4153 799 4209 1.

324 4239 350 4297 5.
370 4238 442 4312 L..
459 4242 502 4310 0.,
518 4242 555 4295 αθ
568 4240 670 4309 pictate.
689 4240 740 4294 lib.
755 4237 798 4310 10,
810 4231 845 4312 ’5,
868 4238 906 4296 ci.
923 4237 943 4294 1.
960 4237 985 4309 1,
1005 4235 1045 4309 19,
1062 4235 1106 4308 10,
1122 4241 1188 4296 θοα.
1205 4239 1252 4294 tit.
