3128 4962
301 419 343 486 66
452 410 455 416 ’
719 441 804 489 cuns
829 442 944 489 amon.

196 555 201 568 '
301 561 439 630 sissent.
461 564 537 630 Una
561 563 764 650 explanatio
786 563 937 630 inveniri
959 565 1085 651 potest.
1112 563 1182 630 Sub
1207 563 1358 650 imperio

300 679 555 746 Antoninorum
569 681 763 767 composita
778 685 812 746 et
829 680 1020 765 tranquilla
1036 679 1235 766 respublica
1251 680 1360 747 fuisse

298 794 412 882 primo
430 803 575 882 aspectu
595 796 752 875 videtur3
772 797 832 863 sed
851 815 975 863 revera
996 796 1032 861 in
1049 797 1170 863 eodem
1191 781 1285 862 statu
1303 801 1355 863 at·

299 930 366 995 que
390 922 512 994 antea,
536 913 654 979 forsan
675 913 796 999 pejore
818 921 908 980 erat.
930 915 1099 978 Latrones
1116 912 1151 977 in
1169 903 1247 998 ipsa
1264 915 1358 978 Dar-

293 1027 407 1093 ·dania
426 1034 461 1095 et
477 1029 651 1096 Dalmatia
672 1037 743 1094 tam
768 1048 971 1096 numerosos
990 1029 1096 1095 fuisse
1107 1028 1184 1115 jam
1205 1029 1358 1094 diximus

299 1148 337 1210 ut
366 1144 556 1214 exercitum
586 1148 703 1212 Marco
729 1145 957 1232 praebuerint.
991 1147 1029 1210 ln
1061 1144 1140 1231 ipsa
1165 1129 1268 1212 ltalia
1294 1163 1355 1212 eos

297 1261 392 1328 haud
411 1281 512 1328 raros
527 1261 633 1329 fnisse
646 1262 804 1349 Epistola
819 1261 928 1328 Marci
946 1263 1219 1328 ad‘Frontonem
1232 1267 1356 1358 osten-

297 1375 381 1443 ditl.
410 1380 446 1443 ln
470 1378 622 1445 cruentis
644 1378 850 1445 circensium
875 1377 1083 1464 spectaculis
1105 1379 1218 1464 plebis
1237 1397 1355 1444 mores

296 1493 451 1578 quotidie
463 1494 497 1560 in
514 1495 667 1562 deterius
682 1495 913 1561 declinavisse
925 1502 1056 1561 certum
1073 1499 1137 1560 est.
1155 1496 1223 1560 Per
1234 1495 1354 1579 legum

297 1610 518 1678 atrocitatem
542 1613 596 1677 his
620 1612 720 1678 malis
741 1611 931 1696 remedium
960 1611 1078 1678 afferri
1101 1629 1205 1697 posse
1228 1615 1263 1677 et
1289 1630 1358 1697 op-

295 1725 370 1793 timi
389 1729 565 1815 principes
585 1731 792 1809 credebant,
811 1748 923 1816 neque
940 1731 1156 1814 compertum
1174 1729 1355 1794 habebant

294 1863 435 1930 poenam
450 1849 593 1926 certam,
612 1864 682 1912 non
699 1865 843 1930 gravem
861 1846 906 1911 ad
925 1845 1108 1911 terrendos
1125 1844 1353 1910 scelestorum

295 1961 431 2028 animos
453 1962 720 2029 necessariaml.
748 1997 789 2010 -
812 1964 990 2028 Praeterea
1014 1961 1106 2026 inter
1129 1958 1350 2026 honestiores

295 2081 330 2144 et
353 2077 555 2144 humiliores
581 2077 766 2144 discrimen
791 2096 892 2163 paene
921 2095 1058 2162 semper
1083 2075 1120 2141 in
1146 2073 1349 2141 civitatibus

296 2192 470 2261 exst'tisse
486 2193 659 2276 novimus
678 2194 736 2260 ubi
755 2192 920 2260 nobilitas
935 2191 1112 2280 potentior
1129 2191 1225 2258 iacta
1237 2192 1263 2258 ³.

237 2449 239 2456 “
333 2443 358 2499 1.
373 2443 516 2512 Fronton‚
534 2444 643 2512 Epist,
660 2443 694 2513 ll,
714 2442 757 2498 17.

331 2528 358 2584 2.
375 2530 596 2599 Montesquiem
613 2531 932 2600 mopsuestenam,
949 2528 989 2584 11.

331 2619 358 2675 3.
374 2619 428 2688 ld.,
441 2621 514 2674 iota.
531 2621 578 2690 Vl,
597 2617 637 2674 15.
