3128 4962
286 397 328 465 90
662 418 749 465 anas
772 419 971 467 posruaroa.

287 542 402 609 labori
414 544 437 609 ¹.
456 541 764 610 senatusconsulto
782 543 1037 619 adorationem
1055 543 1165 610 Marci
1186 546 1221 612 et
1242 545 1348 612 eumn

288 656 382 727 modi
403 660 496 726 tacto
515 659 681 728 statuitur
705 662 855 727 tutorem
880 660 934 728 vet
955 662 1153 728 curatorem
1175 661 1348 748 pupillam

286 776 352 844 sibi
371 777 426 844 vet
445 776 517 844 fitio
534 795 596 844 suo
615 780 758 863 nuptam
777 777 951 844 collocare
971 795 1039 843 non
1058 795 1161 862 posse
1179 775 1273 843 intra
1289 776 1347 842 vi-

286 893 452 962 cesimum
470 896 605 961 sextum
628 913 756 959 annum
777 913 844 960 non
870 894 1079 979 desponsam
1107 894 1163 960 vel
1186 894 1347 960 destina-

286 1013 357 1077 tam
377 1028 399 1077 a
416 1015 535 1096 patre,
556 1029 599 1076 ne
620 1014 730 1095 nupta
750 1009 886 1095 pupilia
908 1011 951 1075 ob
970 1010 1206 1076 reverentiam
1228 1009 1347 1076 mariti

284 1127 339 1192 vel
359 1126 470 1192 soceri
494 1127 614 1194 tutelae
641 1125 796 1192 rationes
819 1128 939 1211 petere
963 1145 1030 1191 non
1055 1130 1185 1211 posset.
1213 1125 1348 1200 Quine-

284 1242 370 1309 tiam
395 1241 455 1328 qui
477 1241 631 1308 rationes
655 1240 857 1308 reddiderat
881 1240 990 1307 tutori
1014 1242 1068 1308 vet
1093 1241 1248 1308 curatori
1273 1260 1345 1308 non

282 1358 452 1444 pupillam
470 1377 567 1424 suam
589 1377 732 1424 uxorem
748 1357 1020 1424 ducere-licebat
1037 1360 1118 1424 ante
1136 1375 1265 1423 annum
1283 1357 1344 1423 vi-

283 1472 448 1540 cesimum
466 1474 622 1558 rpiintum
643 1466 812 1559 elapsum,
832 1472 915 1559 quia
932 1493 1040 1557 usque
1061 1474 1104 1539 ad
1124 1475 1190 1539 boc
1207 1478 1346 1560 tempus

284 1591 325 1655 tn
343 1591 526 1673 stutepoum
547 1593 687 1674 poterat
702 1591 887 1655 restituit.

329 1706 435 1774 Simul
461 1706 602 1792 patroni
631 1705 775 1772 familiae
800 1714 834 1770 et
861 1704 975 1771 liberti
1004 1704 1146 1771 vincula
1174 1704 1347 1772 adstricta

284 1827 375 1903 sunt,
398 1841 461 1890 nec
484 1823 607 1888 liberto
631 1820 770 1907 patroni
795 1820 986 1887 liberorum
1010 1822 1158 1888 tutelam
1179 1839 1346 1888 recusare

284 1938 417 2005 licuit³.

329 2057 415 2132 Quae
430 2056 472 2121 de
488 2056 597 2121 tutela
613 2054 777 2134 diximus,
797 2054 871 2120 tere
890 2052 1008 2119 omnia
1025 2056 1059 2119 et
1073 2071 1175 2120 curae
1191 2072 1348 2119 commu-

284 2171 355 2238 nia.
371 2171 436 2238 Sed
454 2171 496 2236 de
510 2165 731 2237 curatoribus
747 2189 818 2236 rem
838 2169 985 2256 majoris
1000 2168 1166 2235 momenti
1181 2169 1348 2256 princeps

284 2285 450 2354 decrevit.

328 2407 378 2470 Ex
395 2404 549 2486 legeXtI
565 2403 762 2469 tabularum
780 2401 903 2468 furiosi
921 2401 956 2466 in
970 2401 1208 2486 proximorum
1227 2419 1346 2484 agna-

284 2523 398 2587 torum
416 2518 597 2586 curatione
617 2521 737 2596 eraut;
763 2517 843 2584 dein
869 2516 1007 2582 furiosis
1029 2515 1239 2601 aequiparati
1264 2520 1348 2584 sunt

283 2635 424 2721 prodigi
445 2635 569 2720 quibus
589 2655 610 2710 a
627 2634 836 2719 magistratu
857 2635 958 2699 bonis
980 2634 1221 2699 interdictum
1240 2638 1344 2712 erot;

284 2749 364 2816 item
389 2752 571 2816 curatores
595 2749 738 2816 concedi
756 2748 850 2815 sotiti
876 2753 956 2814 sunt
976 2748 1091 2814 surdis
1114 2746 1287 2832 mutisque
1309 2749 1346 2814 et

284 2873 454 2952 perpetuo
480 2867 600 2932 morbo
623 2864 879 2932 laborantibus.
905 2863 1024 2931 Adulti
1049 2869 1165 2932 autem
1189 2862 1345 2930 minores

284 2980 577 3066 vigintiquinque
598 2980 710 3060 anuis,
731 2999 933 3067 quanquam
954 2981 998 3045 ob
1015 2977 1132 3046 aetatis
1148 2977 1341 3044 infirmita-

284 3077 356 3165 tem*
374 3117 447 3165 rem
464 3096 674 3164 familiarem
695 3099 781 3164 bene
803 3096 1052 3163 administrare
1072 3114 1168 3181 saepe
1189 3113 1254 3162 non
1274 3113 1344 3180 po-

283 3346 388 3401 torsan
403 3360 512 3416 parum
529 3360 697 3414 congruum
713 3365 719 3401 ;
735 3361 751 3399 r<
767 3347 912 3410 Quamvis
929 3344 1052 3413 singula
1067 3359 1133 3414 quae
1150 3342 1264 3400 litteris
1278 3343 1344 3401 tuis

282 3432 460 3503 complexus
484 3446 517 3488 es
539 3446 598 3486 non
621 3430 770 3502 praestent
793 3431 847 3486 tibi
868 3431 971 3499 Justas
992 3444 1102 3485 causas
1120 3428 1342 3498 excusationis

282 3516 386 3572 tamen
405 3517 476 3586 quia
490 3517 588 3572 multa
602 3516 693 3572 simul
707 3516 923 3585 congruerunt,
941 3529 1065 3569 movere
1081 3528 1135 3569 nos
1151 3518 1291 3584 possunt,
1308 3514 1344 3570 ut

283 3602 442 3657 excusatio
457 3601 513 3657 tua
528 3616 547 3656 a
560 3601 659 3657 tutela
675 3601 767 3671 recipi
784 3600 893 3671 possit.
911 3615 926 3650 »

318 3686 341 3741 1.
363 3689 416 3742 Ex.
434 3700 479 3754 gr.
496 3686 515 3741 l.
531 3685 575 3754 26,
596 3689 639 3753 1),
656 3689 693 3740 de
709 3687 868 3751 Excusat,
882 3683 925 3751 ⁰27,
945 3684 968 3746 1,
984 3683 1015 3738 et
1027 3683 1045 3738 l.
1061 3681 1103 3751 15,
1121 3682 1133 3747 S
1151 3681 1177 3746 2,
1191 3685 1257 3738 eod.
1276 3684 1343 3738 tta:

282 3787 298 3824 «
314 3772 396 3827 Scire
411 3771 533 3843 oportet
553 3771 626 3827 nulli
648 3770 831 3839 dignitatem
846 3769 981 3824 tribuere
997 3769 1244 3832 excusationem
1261 3767 1343 3823 unde

241 3889 246 3894 -
282 3857 307 3911 si
326 3857 393 3926 quis
409 3857 656 3920 senatorfuerit,
673 3856 722 3910 hic
737 3854 910 3923 tumuerit,
931 3854 962 3908 et
981 3868 1100 3920 eorum,
1118 3853 1169 3922 qui
1185 3851 1342 3908 interioris
1422 3853 1428 3864 '

283 3941 399 3997 ordinis
414 3943 483 3997 sunt
499 3957 588 4011 quam
606 3943 813 3998 senatorum...
830 3957 845 3992 »

315 4025 340 4081 2.
362 4029 391 4082 L.
407 4025 451 4095 59,
467 4025 512 4096 66,
528 4026 572 4096 61,
590 4025 635 4096 67,
652 4029 694 4090 D..
711 4030 749 4081 de
767 4027 839 4080 auu
852 4029 948 4092 nupt,
970 4022 1013 4091 13,
1030 4023 1062 4093 6;
1081 4023 1098 4078 1.
1116 4021 1140 4086 7,
1160 4024 1203 4091 D„
1224 4025 1267 4076 ad
1282 4023 1341 4090 leq.

280 4115 340 4169 Jut.
356 4117 514 4180 deodata,
532 4112 575 4178 18,
591 4112 624 4180 5;
642 4112 660 4168 1.
679 4111 738 4177 tat,
755 4115 797 4180 D.,
811 4115 848 4166 de
867 4111 990 4178 Leucus
1004 4112 1028 4177 1,
1045 4109 1088 4164 36.
1102 4110 1188 4163 -De
1203 4121 1238 4162 eo
1252 4121 1341 4164 sena-

280 4199 470 4257 tusconsutto
486 4199 598 4256 Paulus
613 4198 726 4254 librum
741 4196 874 4269 scripsit.

315 4282 341 4340 3.
360 4285 480 4352 Fragm.
496 4283 594 4339 Vatic.
610 4280 679 4353 2203
695 4282 713 4337 1.
730 4279 756 4352 5,
774 4282 802 4336 Ο.
818 4282 854 4350 1.,
870 4283 908 4336 dc
923 4281 1071 4336 Excusat.
1090 4281 1155 4348 tot,
1171 4273 1198 4346 5,
1213 4273 1256 4331 62.
