3114 4958
247 343 291 410 28
664 359 750 408 enus
773 361 889 408 esron.

249 485 390 554 circatio
414 482 507 570 quod
533 482 579 550 ad
598 501 658 551 eos
681 481 920 550 verisimiliter
943 483 1130 571 pertines,
1157 487 1192 554 et
1215 505 1311 554 non-

251 602 358 669 nullae
382 619 426 668 ex
452 597 638 666 Paudectis
661 599 793 684 legest
822 600 1010 668 Curatores
1041 604 1077 668 et
1100 620 1244 671 numero
1275 605 1312 672 et

252 715 453 784 muneribus
468 717 503 783 et
519 713 703 802 potestatis
718 714 833 802 spatio
852 735 875 784 a
897 716 1215 803 quinquennalibus
1234 719 1311 789 sive

168 827 173 838 '
251 831 455 901 censoribus
470 850 614 918 prorsus
634 831 791 900 diversos
809 833 915 900 fnisse
929 836 1024 901 recte
1041 838 1159 903 censet
1171 839 1308 924 Zumpt,

250 949 310 1036 qui
328 947 590 1034 inscriptionem
608 948 730 1016 laudat
747 949 805 1017 ubi
829 949 920 1018 idem
938 950 993 1016 vir
1011 954 1046 1018 et
1066 951 1312 1041 quinquenna-

250 1066 294 1133 lis
310 1069 347 1133 et
360 1067 503 1133 curator
519 1064 675 1151 ejusdem
689 1064 842 1132 civitatis
857 1065 1091 1134 nominatur³.
1114 1069 1158 1134 At
1174 1085 1310 1137 caven-

251 1182 403 1267 dumne
430 1179 488 1247 isti
514 1179 717 1268 reipublicae
745 1183 925 1249 curatores
955 1200 976 1248 a
1002 1182 1162 1269 principe
1186 1183 1306 1267 missi,

251 1316 327 1363 cum
346 1295 425 1363 aliis
448 1295 668 1366 curatoribus
692 1296 736 1363 ad
759 1300 874 1364 certas
894 1317 951 1365 res
975 1317 997 1364 a
1021 1297 1164 1366 civitate
1188 1298 1318 1368 electis

251 1411 547 1480 confundanturl..
564 1411 718 1478 Primum
742 1412 768 1478 ii
793 1412 836 1480 de
858 1412 984 1500 quibus
1004 1412 1206 1481 disserimus
1223 1434 1307 1482 raro

251 1529 475 1608 creabantur,
494 1547 571 1593 cum
590 1531 651 1595 aut
667 1547 727 1594 eos
744 1527 968 1613 municipium
984 1532 1132 1614 peteret,
1152 1531 1212 1596 aut
1230 1528 1308 1616 eJ'us

249 1663 307 1712 res
331 1643 520 1729 implicatae
543 1642 637 1710 inse
660 1642 813 1711 animum
836 1642 1005 1730 principis
1028 1647 1306 1713 converterent5.

249 1759 426 1828 Paulatim
445 1758 603 1846 perpetui
621 1760 706 1827 facti
723 1762 815 1842 sunt,
833 1763 867 1828 et
880 1759 916 1826 in
934 1759 1094 1828 omnibus
1109 1760 1309 1849 municipiis

248 1875 400 1963 reperti;
420 1874 521 1942 simul
543 1893 662 1943 eorum
681 1874 873 1942 auctoritas
894 1873 1049 1942 maxima
1070 1876 1177 1944 facta.
1197 1877 1307 1945 Sena-

248 1995 305 2061 tus
320 2011 452 2078 praeses
469 1995 610 2059 mirator
627 1994 723 2071 erat3
742 1989 890 2076 publicis
905 1991 1137 2060 monumentis
1153 1993 1307 2060 studium

249 2106 450 2186 adhibebat,
480 2109 566 2174 etcss.
589 2105 752 2193 Papirius
768 2108 886 2173 Justns
910 2105 945 2172 in
970 2107 1060 2174 libro
1086 2108 1237 2177 secundo
1260 2111 1307 2176 de

252 2223 600 2302 Constitutiouibus,
632 2219 784 2308 plurima
818 2221 991 2309 rescripta
1020 2225 1065 2289 M.
1103 2223 1237 2291 Aurelii
1271 2228 1308 2293 et

247 2342 286 2407 L.
314 2338 396 2407 Veri
420 2338 579 2406 retulisse
599 2337 736 2406 videtur
753 2357 833 2423 quae
857 2338 899 2406 de
924 2341 1126 2407 curatorum
1149 2339 1307 2408 muneri-

246 2457 311 2524 bus
325 2459 360 2523 et
374 2455 538 2544 periculis
554 2452 790 2522 statuebant⁷.

290 2571 332 2638 Hi
356 2571 462 2638 etiam
483 2547 725 2656 magistratus,
744 2569 894 2654 primum
915 2568 961 2636 ad
979 2569 1200 2657 adjuvandas
1217 2570 1307 2638 civi-

245 2691 336 2756 tates
362 2686 470 2770 missi,
495 2687 541 2753 ad
565 2684 812 2772 opprimendas
833 2705 894 2754 eas
914 2689 1038 2772 postea
1057 2687 1302 2768 contulerunt3

246 2823 316 2872 non
333 2802 397 2872 hos
413 2802 598 2892 quaesitum
622 2821 747 2870 munus
772 2801 808 2869 in
831 2804 954 2870 usus⁸t
974 2804 1020 2869 At
1041 2801 1201 2888 quamvis
1217 2803 1307 2870 civi-

282 3093 306 3149 l.
328 3095 358 3150 L.
378 3091 420 3160 lb,
436 3092 449 3156 S
463 3093 489 3160 7,
505 3095 606 3160 Ι).,ἀθ
621 3092 897 3160 decusationibus,
913 3090 957 3159 27,
974 3091 999 3146 l.

280 3177 307 3235 2.
327 3195 342 3232 «
358 3177 521 3235 circatores
534 3178 584 3247 qui
599 3177 638 3233 ad
649 3175 841 3246 ,colligendos
856 3175 1019 3232 civitatum
1034 3175 1173 3248 publicos
1185 3177 1304 3234 reditus

245 3263 316 3334 eligi
338 3263 446 3320 solent.
460 3279 475 3316 »
489 3263 555 3318 Vid.
571 3261 696 3318 titulum
711 3260 737 3327 8,
755 3261 806 3317 lib.
824 3263 854 3332 L‚
874 3261 951 3330 Dig„
967 3264 1006 3316 de
1018 3263 1305 3319 Adnrinistratione

245 3363 356 3404 rerum
369 3352 412 3405 ad
423 3349 565 3404 civitates
575 3348 814 3416 pertinentium.

279 3434 306 3491 3.
329 3435 381 3503 op.
397 3435 449 3489 cit.
465 3447 486 3500 1,
502 3431 561 3489 158.

279 3517 306 3658 ἓ.
327 3517 574 3659 ξξίξῃέυἶῖξνοε
588 3617 609 3658 a
622 3602 831 3667 majorianae
845 3601 1036 3657 Antonino...
1050 3599 1227 3670 specialiter
1238 3599 1303 3656 dati

247 3687 437 3744 dicebantur.
453 3688 556 3753 Orelli,
572 3686 652 3756 3898,
667 3684 748 3751 3899,
764 3683 845 3742 3902.

280 3770 306 3828 6.
327 3772 475 3844 Ulpianus
491 3776 529 3828 de
543 3773 655 3842 Officio
669 3772 827 3828 curatoris
847 3771 1028 3840 reipublicae
1045 3770 1159 3826 librum
1178 3784 1302 3841 compo-

245 3867 316 3923 suit.
332 3867 399 3924 Vid.
415 3872 446 3925 L.
460 3867 487 3938 l,
501 3873 545 3938 l).‚
558 3872 598 3924 de
613 3870 749 3924 Decretis
764 3869 802 3926 ab
816 3869 929 3924 ordine
940 3868 1112 3935 faciendis,
1124 3864 1169 3934 50,
1184 3864 1212 3921 9.

280 3953 306 4008 7.
327 3953 394 4010 Una
415 3953 482 4024 lege
500 3952 527 4023 9,
549 3956 595 4023 1),
613 3952 658 4021 50,
673 3952 700 4020 8,
723 3953 863 4009 undecim
889 3953 1042 4024 rescripta
1063 3952 1210 4008 Divorum
1230 3954 1301 4008 Fra·

244 4040 327 4096 trum
343 4038 380 4094 de
392 4039 587 4096 curatoribus
602 4039 762 4095 memorat.

279 4127 306 4184 8.
327 4143 343 4181 ‹<
364 4128 436 4184 This
462 4128 578 4199 system
603 4127 637 4183 ol
662 4127 867 4194 substituting
893 4127 1034 4198 imperial
1063 4127 1112 4183 ror
1137 4125 1303 4198 municipal

245 4213 374 4271 officials
388 4226 453 4270 was
473 4213 625 4287 probably
640 4213 740 4281 begun
753 4211 830 4268 with
848 4211 901 4269 the
915 4211 985 4268 bost
1001 4211 1186 4281 intentioris,
1204 4211 1260 4268 but
1277 4211 1304 4266 it
