3114 4958
345 424 391 492 20
763 445 850 495 rans
872 447 990 494 aaron.

346 566 481 641 nobiles
500 567 705 634 libertorum
727 568 875 652 collegae
895 567 1031 636 fierent.
1056 570 1128 636 Nec
1146 564 1270 637 brevia
1285 572 1320 636 et
1341 587 1407 638 ca-

346 682 438 756 duca·
445 681 613 751 Hadriani
629 681 806 750 dedemus
822 683 1127 778 administratione
1139 684 1281 752 decreta
1295 687 1405 772 luere,

346 818 427 886 quae
453 800 517 866 sub
546 797 622 885 ejus
644 799 904 866 successoribus
927 803 989 866 aut
1012 801 1246 886 permansisse
1267 806 1330 868 aut
1351 801 1408 868 in-

346 920 526 982 crementa
541 913 730 1002 sumpsisse
746 913 909 982 Aurelius
921 901 1207 983 Victor'testatur
1217 917 1239 983 ¹.

389 1031 543 1098 Duorum
565 1028 676 1115 igitur
698 1029 992 1118 amplissimorum
1010 1029 1169 1098 ordinum
1187 1030 1259 1098 vim
1284 1050 1325 1133 ao
1340 1051 1408 1118 po-

346 1149 508 1214 testatem
541 1152 614 1213 tum
641 1165 768 1214 revera
794 1150 1021 1214 extenuatam
1047 1148 1142 1215 baud
1170 1146 1313 1214 dubium
1339 1143 1404 1217 est.

345 1261 599 1349 antiquitatem
616 1261 737 1349 stirpis
754 1264 909 1329 Marcum
932 1261 1036 1348 parvi
1051 1261 1174 1330 fecisse
1188 1261 1407 1330 demonstrat

345 1376 422 1465 ejus
438 1377 521 1446 flliae
535 1375 797 1463 matrimonium
814 1397 892 1445 cum
908 1377 1024 1464 equite
1040 1377 1136 1446 tenui
1153 1378 1243 1461 looo,
1259 1397 1331 1446 non
1344 1397 1406 1446 ru-

344 1511 463 1575 mano,
482 1493 543 1560 sed
558 1511 676 1578 graeco
691 1511 822 1579 genere
838 1493 950 1560 ort02.

389 1611 464 1676 Nec·
487 1618 603 1675 tamen
631 1607 716 1695 quia
741 1613 842 1676 vetus
863 1606 1029 1675 nobilitas
1053 1606 1105 1675 ita
1129 1607 1402 1694 deprimebatur,

345 1723 503 1790 omnium·
520 1722 648 1790 civium
661 1722 720 1810 jus
736 1725 913 1808 aequatum
928 1733 993 1806 est,
1009 1722 1070 1789 sed
1088 1741 1216 1790 novum
1231 1721 1404 1790 nobilita-

345 1838 391 1906 tis
416 1858 527 1925 genus
549 1838 625 1926 jam
657 1841 866 1926 apparebat,
896 1841 1002 1925 proiit
1029 1838 1175 1925 quisque
1200 1859 1223 1906 a
1243 1837 1404 1926 principe

344 1954 605 2023 discriminatus
630 1954 758 2021 luerat.
786 1955 909 2023 Comes
931 1956 1172 2038 imperatoris
1191 1973 1317 2022 nomen
1336 1956 1404 2023 ho-

343 2070 442 2138 noris
459 2075 537 2138 erat
554 2078 591 2138 ut
612 2068 858 2157 inscriptiones
878 2071 1065 2137 ostendunt
1089 2070 1146 2137 ubi
1168 2068 1260 2138 inter
1281 2070 1404 2138 titulos

257 2245 262 2256 ,
343 2185 474 2272 legitur
502 2207 510 2252 :
542 2211 558 2248 «
590 2188 723 2255 Comitt
750 2189 794 2254 D.
829 2189 916 2254 Veri
937 2205 1009 2270 per
1034 2183 1260 2254 Orientem...
1284 2209 1301 2248 >›
1328 2191 1364 2254 et
1391 2208 1400 2253 ε

348 2326 364 2364 u
383 2303 518 2372 Comtti
533 2304 694 2388 ejusdem
713 2305 754 2368 in
774 2302 955 2370 oriented
973 2325 990 2364 »
1013 2301 1170 2378 Quantus
1187 2301 1291 2388 bujus
1309 2302 1402 2370 tituli

343 2420 508 2506 splendor
522 2424 646 2506 postea
661 2417 778 2500 suerit,
796 2436 896 2485 nemo
910 2416 1064 2503 ignorat.
1082 2414 1134 2483 Ex
1148 2413 1227 2503 lege
1245 2417 1297 2502 li,
1315 2418 1400 2485 Cod.

342 2536 445 2617 Just,
471 2535 517 2600 de
543 2534 760 2614 ouaesaoa,
789 2533 829 2615 9,
856 2532 913 2614 47,
942 2531 1174 2617 comperimus
1203 2531 1309 2598 etiam
1336 2533 1402 2599 sub

342 2652 460 2717 Marco
476 2648 617 2717 Aurelio
640 2647 962 2716 «eminentissimos
978 2672 994 2710 »
1015 2652 1051 2714 et
1066 2670 1082 2708 ‹<
1093 2646 1368 2735 perfectissimos
1379 2671 1398 2710 »

340 2938 433 2995 tritor
447 2939 479 2995 et
492 2937 649 3008 educator,
664 2938 829 3011 praelectus
840 2937 1060 3007 vehiculorum,
1072 2935 1256 3008 procurator
1265 2949 1399 2994 summa·

340 3039 408 3081 rum
433 3025 587 3081 rationum
611 3023 712 3080 laetus
732 3024 790 3080 est.
810 3053 845 3064 -
866 3024 1063 3078 Prosenetem
1082 3037 1101 3077 a
1121 3023 1223 3077 Marco
1245 3023 1400 3079 Antonino

340 3109 571 3176 manumissum,
585 3109 719 3179 primum
734 3121 852 3178 quoque
868 3107 1048 3174 acubiculo,
1062 3113 1293 3178 procuratorem
1303 3109 1401 3179 patri-

340 3193 450 3262 monii,
476 3206 651 3262 munerum,
668 3193 827 3262 vinorum,
849 3192 978 3261 denique
994 3191 1169 3248 ordinatum
1188 3192 1219 3248 in
1241 3196 1399 3251 castrense

340 3277 491 3334 videmus.
507 3277 615 3347 Orelli,
636 3275 717 3333 6344.
734 3307 769 3317 -
784 3278 913 3334 Multum
933 3291 1007 3334 sane
1027 3275 1195 3348 potuerunt
1217 3277 1320 3333 liberti
1342 3278 1399 3344 sub

339 3365 441 3419 Marco
456 3363 572 3418 etVero
585 3363 725 3418 Geminas
738 3363 770 3418 et
785 3362 962 3432 Agaclytus.
975 3360 1103 3432 Capitol.
1121 3363 1160 3416 M.
1171 3365 1239 3418 Ant.
1256 3363 1339 3418 Pbit.
1354 3360 1397 3418 15.

376 3448 400 3504 l.
421 3464 437 3502 «
452 3448 558 3505 Officia
573 3461 646 3503 sane
660 3448 784 3518 publica
798 3452 830 3502 et
843 3447 984 3518 palatina
1001 3460 1055 3501 nee
1071 3459 1132 3500 non
1148 3446 1267 3502 militiae
1281 3447 1313 3502 iu
1330 3462 1399 3504 eam

337 3531 469 3588 sormam
484 3532 595 3587 statuit
610 3546 676 3601 quaa
690 3532 797 3603 paucis
811 3545 867 3603 per
876 3531 1110 3588 constantinum
1121 3531 1292 3588 immutatis
1307 3531 1399 3588 hodie

337 3616 539 3688 perseverant
554 3633 570 3670 ›>
585 3617 665 3684 Eplt.
684 3615 726 3671 14.

372 3701 399 3758 t.
419 3701 548 3773 Capitol.
570 3701 612 3756 M.
634 3705 700 3756 Ant.
723 3702 817 3770 Phil,
839 3698 884 3755 ab.
900 3729 934 3740 -
951 3700 1012 3756 Has
1038 3698 1161 3770 nuptias
1182 3697 1400 3756 Friedlaendor

338 3789 462 3852 (Moeurs
481 3787 639 3842 romaines
659 3789 701 3842 du
718 3786 811 3854 regne
831 3786 993 3855 u’Aupuste
1010 3781 1031 3839 ὰ
1049 3786 1082 3840 ta
1099 3784 1146 3852 fio
1163 3787 1217 3839 des
1237 3786 1399 3851 Antonine,

336 3871 417 3927 trad.
435 3871 539 3940 Vogel,
555 3873 577 3925 t.
595 3872 620 3940 l,
636 3887 655 3942 p
684 3870 743 3938 188)
767 3869 918 3939 singulari
937 3869 1032 3925 Marci
1052 3868 1188 3940 opinioni
1209 3867 1246 3923 de
1261 3869 1398 3924 omnium

337 3955 492 4011 hominum
514 3955 582 4027 pari
603 3955 777 4011 conditione
795 3955 950 4024 assignat;
967 3954 1141 4024 aplurimis
1159 3953 1226 4023 jam
1246 3957 1320 4008 tunc
1336 3955 1395 4008 mi-

336 4041 420 4097 noris
436 4043 573 4096 veterem
588 4040 781 4096 nobilitatem
795 4040 981 4098 aestimatam
1000 4052 1068 4094 esse
1083 4038 1253 4095 verisimile
1270 4039 1329 4109 est,
1346 4053 1396 4095 su·

335 4125 485 4198 predictis
497 4139 537 4181 ex
550 4126 663 4181 causis.

371 4211 397 4268 3.
418 4211 538 4280 Rarior,
564 4210 721 4282 Meleager
741 4211 965 4282 d'e'piprapbie,
983 4225 1036 4282 pp.
1053 4208 1086 4264 76
1107 4209 1139 4266 et
1159 4207 1204 4266 80.
1222 4209 1266 4266 ct.
1287 4209 1395 4281 Orelli,

335 4294 416 4366 3486,
430 4295 509 4368 3433,
525 4295 605 4368 3440,
618 4295 704 4368 tota,
713 4295 794 4369 5477,
807 4295 887 4367 5478,
900 4293 981 4366 5473,
995 4293 1075 4352 etot.
