3128 4962
300 338 345 408 74
676 359 763 408 runs
787 326 986 408 rosrnnron.

299 481 476 562 trandum,
497 481 655 552 ordinem
672 502 857 570 sequemur
873 482 932 571 qui
955 502 975 549 a
993 483 1080 551 Gaio
1097 482 1173 569 ejus
1191 482 1363 570 principis

275 599 470 684 tempore,
498 603 622 685 postea
645 619 667 666 a
687 599 882 666 Justiniano
907 599 1080 666 admissus
1110 604 1162 667 est
1193 619 1199 663 :
1228 600 1365 667 scilicet

298 713 448 800 primum
470 715 513 782 de
531 713 614 800 jure
632 734 873 802 personarum.
893 715 973 783 dein
993 715 1129 802 dejure
1150 734 1278 798 rerum,
1297 717 1364 784 de-

299 829 404 917 nique
420 831 463 900 de
479 832 676 899 actionibus
695 832 918 900 disseremus.
1308 850 1311 856 ·

534 1097 552 1180 5
574 1093 603 1161 l.
625 1130 666 1143 -
686 1097 739 1161 Dc
750 1099 843 1178 jure
858 1114 1121 1189 personarum.

344 1316 445 1403 Apud
468 1336 587 1384 omnes
618 1317 714 1384 orbis
741 1318 875 1403 antiqui
901 1320 1049 1405 populos
1075 1337 1211 1386 summa
1233 1317 1363 1386 divisio

299 1451 529 1519 personarum
553 1438 630 1500 erat
656 1433 845 1502 liberorum
872 1438 906 1501 et
930 1437 1149 1501 servoruml.
1178 1438 1227 1502 De
1249 1433 1363 1502 servis

300 1547 382 1634 quid
399 1552 535 1617 Marcus
550 1549 757 1633 decreverit,
776 1549 874 1636 prius
890 1542 1082 1617 videamus.

706 1802 739 1853 Α,
761 1800 801 1853 De
821 1798 954 1854 servis2.

344 2003 551 2088 Quanquam
573 2001 701 2090 ubique
727 2002 877 2069 servitus
899 2007 977 2070 erat
999 2003 1033 2069 in
1057 2022 1133 2084 usu,
1156 2023 1268 2089 neque
1290 2024 1362 2071 un-

291 2139 404 2207 quam
421 2121 466 2186 ab
483 2118 754 2206 imperatoribus
774 2121 949 2205 abrogata
966 2125 1030 2203 est,
1044 2119 1120 2206 jam
1138 2140 1206 2188 non
1224 2121 1363 2189 Aristo-

299 2237 378 2305 telis
405 2236 523 2323 opinio
546 2236 797 2305 admittebatur
821 2255 899 2304 eam
924 2235 1017 2322 juris
1044 2237 1215 2303 naturalis
1244 2257 1321 2305 esse
1332 2241 1359 2306 ³.

299 2355 374 2421 Non
393 2354 501 2420 multo
522 2356 602 2440 post
623 2355 668 2419 M.
693 2351 908 2420 Antoninum
926 2371 969 2419 ea
991 2352 1136 2420 definita
1155 2355 1207 2420 est
1229 2373 1252 2420 a
1278 2354 1363 2421 Flo-

299 2468 436 2551 rentino
465 2492 481 2530 «
497 2467 704 2536 constitutio
720 2468 813 2555 juris
836 2467 1083 2555 gentiumque
1106 2469 1183 2554 quis
1205 2468 1363 2538 dominio

299 2584 414 2653 alieno
443 2589 574 2652 contro
600 2589 779 2651 aeteram
806 2583 1026 2669 subjicilurl.
1056 2610 1080 2647 »-
1108 2588 1144 2651 ln
1176 2605 1360 2652 servorum

298 2700 532 2769 conditionem
551 2700 755 2767 mutandam
782 2719 825 2766 ex
847 2699 984 2767 Graecia
1006 2704 1041 2766 et
1063 2699 1204 2769 Oriente
1229 2702 1360 2769 allatas

299 2813 489 2900 religiones
512 2818 547 2880 et
571 2813 831 2900 philosophiam
858 2814 1046 2901 plurimum
1071 2815 1260 2882 contulisse
1281 2835 1356 2882 cer-

231 2995 234 3004 t
297 2935 370 2999 tum
402 2935 466 2998 est.
499 2933 607 2998 Nemo
637 2930 780 3016 ignorat
807 2950 913 3017 quam
945 2933 1170 3000 vehementer
1204 2934 1359 3002 Annaeus

299 3050 430 3116 Seneca
452 3048 582 3116 stoicus
602 3048 772 3116 adversus
789 3047 1007 3116 dominorum
1030 3049 1274 3117 crudelitatem
1297 3050 1357 3117 in-

297 3173 417 3233 vectus
436 3164 483 3232 sit
493 3165 518 3232 ⁵.

334 3371 520 3437 l.Gai.1,9.

330 3458 356 3514 2.
378 3460 418 3513 De
435 3458 536 3515 servis
551 3456 613 3512 vid.
628 3457 781 3527 praecipue
796 3475 801 3512 :
817 3458 850 3511 H.
867 3457 1006 3526 Wellon,
1026 3460 1160 3513 Histoire
1177 3463 1215 3515 de
1236 3461 1356 3514 l‘escla·

297 3560 374 3614 cape
398 3548 477 3600 dans
497 3540 689 3612 l'antiqultd‚·
716 3542 779 3597 vid.
805 3541 914 3607 etiam,
938 3558 1112 3613 quanquam
1136 3545 1232 3600 multo
1257 3546 1358 3602 minus

295 3630 438 3686 accurate
455 3628 646 3684 elaboratum
661 3641 748 3697 opus,
764 3629 842 3682 Hist.
858 3631 896 3682 ule
911 3629 1094 3698 l'esclavape
1111 3631 1222 3686 ancien
1241 3635 1269 3685 et
1290 3645 1356 3686 mo-

295 3718 401 3782 derna,
416 3729 474 3784 par
487 3715 689 3781 Tourmagne,
709 3711 785 3767 1880.

327 3801 355 3856 3.
375 3801 470 3864 Pelet,
484 3812 509 3866 1,
526 3797 553 3852 d.
569 3827 600 3838 -
616 3797 659 3852 Cf.
675 3798 769 3853 Cicer.
793 3800 835 3852 ad
857 3799 946 3853 Attio.
963 3811 984 3861 1,
1004 3797 1035 3852 la
1050 3799 1130 3868 quod
1143 3799 1244 3856 acrius
1259 3802 1358 3858 morte

295 3883 377 3940 servi
394 3883 564 3939 commotus
580 3879 663 3937 e'sset
673 3895 740 3938 sese
754 3882 967 3958 excusantem.

328 3968 355 4024 l.
376 3969 406 4023 L.
423 3967 450 4036 l,
464 3970 509 4034 l).‚
525 3971 564 4023 de
577 3972 660 4022 statu
672 3969 844 4023 hominum.
865 3965 889 4031 l,
906 3965 933 4022 5.

329 4051 357 4108 5.
377 4068 393 4105 «
406 4053 492 4108 Servi
509 4050 601 4108 sunt?
615 4051 676 4106 imo
699 4051 852 4121 homines;
868 4051 950 4108 servi
967 4051 1060 4107 sunt?
1075 4052 1136 4106 imo
1152 4052 1357 4107 contuberna-

297 4137 341 4194 les
347 4153 356 4208 3
373 4136 455 4194 servi
473 4135 563 4193 suntl
578 4135 639 4190 imo
654 4135 785 4192 humiles
800 4136 907 4206 amici;
926 4134 1009 4191 servi
1025 4135 1118 4192 sunt?
1132 4137 1193 4192 imo
1205 4136 1356 4206 conservi,

297 4223 324 4281 si
351 4221 538 4296 cogitaveris
570 4219 762 4278 tantumdem
795 4220 826 4280 in
862 4219 1008 4293 utrosque
1043 4219 1134 4277 licere
1171 4221 1312 4278 fortunae.
1339 4236 1357 4276 »
