<?xml version="1.0" encoding="UTF-8"?>
<!DOCTYPE html PUBLIC "-//W3C//DTD XHTML 1.0 Transitional//EN"
    "http://www.w3.org/TR/xhtml1/DTD/xhtml1-transitional.dtd">
<html xmlns="http://www.w3.org/1999/xhtml" xml:lang="en" lang="en">
 <head>
  <title>
</title>
<meta http-equiv="Content-Type" content="text/html;charset=utf-8" />
  <meta name='ocr-system' content='tesseract 3.04.00' />
  <meta name='ocr-capabilities' content='ocr_page ocr_carea ocr_par ocr_line ocrx_word'/>
</head>
<body>
  <div class='ocr_page' id='page_1' title='image "./deconstitutioni00dumgoog_0060.png"; bbox 0 0 3128 4962; ppageno 0'>
   <div class='ocr_carea' id='block_1_1' title="bbox 559 371 1253 442">
    <p class='ocr_par' dir='ltr' id='par_1_1' title="bbox 559 371 1253 442">
     <span class='ocr_line' id='line_1_1' title="bbox 559 371 1253 442; baseline -0.004 0"><span class='ocrx_word' id='word_1_1' title='bbox 559 396 602 442; x_wconf 83' lang='lat' dir='ltr'><strong>on</strong></span> <span class='ocrx_word' id='word_1_2' title='bbox 625 393 709 442; x_wconf 81' lang='lat' dir='ltr'><strong>tuan</strong></span> <span class='ocrx_word' id='word_1_3' title='bbox 733 393 888 442; x_wconf 80' lang='lat' dir='ltr'><strong>runnroo.</strong></span> <span class='ocrx_word' id='word_1_4' title='bbox 1210 371 1253 440; x_wconf 78' lang='lat'><strong>47</strong></span> 
     </span>
    </p>
   </div>
   <div class='ocr_carea' id='block_1_2' title="bbox 182 514 1254 2913">
    <p class='ocr_par' dir='ltr' id='par_1_2' title="bbox 185 514 1254 1860">
     <span class='ocr_line' id='line_1_2' title="bbox 191 514 1253 605; baseline -0.003 -20"><span class='ocrx_word' id='word_1_5' title='bbox 191 521 319 605; x_wconf 90' lang='lat' dir='ltr'><strong>sponte</strong></span> <span class='ocrx_word' id='word_1_6' title='bbox 335 516 465 604; x_wconf 82' lang='lat' dir='ltr'><strong>suscipi</strong></span> <span class='ocrx_word' id='word_1_7' title='bbox 485 516 624 598; x_wconf 88' lang='lat' dir='ltr'><strong>debeat,</strong></span> <span class='ocrx_word' id='word_1_8' title='bbox 643 535 713 583; x_wconf 92' lang='lat' dir='ltr'><strong>non</strong></span> <span class='ocrx_word' id='word_1_9' title='bbox 731 515 765 583; x_wconf 93' lang='lat' dir='ltr'><strong>vi</strong></span> <span class='ocrx_word' id='word_1_10' title='bbox 777 518 801 582; x_wconf 76' lang='lat'><strong>¹.</strong></span> <span class='ocrx_word' id='word_1_11' title='bbox 822 541 839 580; x_wconf 89' lang='lat'>»</span> <span class='ocrx_word' id='word_1_12' title='bbox 862 519 933 583; x_wconf 91' lang='lat' dir='ltr'><strong>Imo</strong></span> <span class='ocrx_word' id='word_1_13' title='bbox 958 516 1004 583; x_wconf 90' lang='lat' dir='ltr'><strong>ad</strong></span> <span class='ocrx_word' id='word_1_14' title='bbox 1020 514 1158 602; x_wconf 91' lang='lat' dir='ltr'><strong>imperii</strong></span> <span class='ocrx_word' id='word_1_15' title='bbox 1173 534 1253 582; x_wconf 93' lang='lat' dir='ltr'><strong>ma-</strong></span> 
     </span>
     <span class='ocr_line' id='line_1_3' title="bbox 190 632 1253 720; baseline 0.001 -21"><span class='ocrx_word' id='word_1_16' title='bbox 190 632 412 720; x_wconf 84' lang='lat' dir='ltr'><strong>gnitudinem</strong></span> <span class='ocrx_word' id='word_1_17' title='bbox 441 632 707 720; x_wconf 85' lang='lat' dir='ltr'>principumque</span> <span class='ocrx_word' id='word_1_18' title='bbox 731 634 940 719; x_wconf 91' lang='lat' dir='ltr'><strong>potestatem</strong></span> <span class='ocrx_word' id='word_1_19' title='bbox 964 650 1002 700; x_wconf 90' lang='lat' dir='ltr'><strong>se</strong></span> <span class='ocrx_word' id='word_1_20' title='bbox 1029 650 1164 700; x_wconf 90' lang='lat' dir='ltr'><strong>summa</strong></span> <span class='ocrx_word' id='word_1_21' title='bbox 1187 650 1253 718; x_wconf 88' lang='lat' dir='ltr'><strong>ope</strong></span> 
     </span>
     <span class='ocr_line' id='line_1_4' title="bbox 191 748 1254 837; baseline 0 -22"><span class='ocrx_word' id='word_1_22' title='bbox 191 752 299 837; x_wconf 88' lang='lat' dir='ltr'><strong>atque</strong></span> <span class='ocrx_word' id='word_1_23' title='bbox 316 768 427 836; x_wconf 91' lang='lat' dir='ltr'><strong>opera</strong></span> <span class='ocrx_word' id='word_1_24' title='bbox 441 749 602 816; x_wconf 79' lang='lat' dir='ltr'><strong>conterre</strong></span> <span class='ocrx_word' id='word_1_25' title='bbox 622 748 713 816; x_wconf 92' lang='lat' dir='ltr'><strong>velle</strong></span> <span class='ocrx_word' id='word_1_26' title='bbox 729 749 999 834; x_wconf 84' lang='lat' dir='ltr'><strong>profitebantur.</strong></span> <span class='ocrx_word' id='word_1_27' title='bbox 1022 771 1038 810; x_wconf 89' lang='lat'>«</span> <span class='ocrx_word' id='word_1_28' title='bbox 1056 751 1117 814; x_wconf 79' lang='lat' dir='ltr'><strong>list</strong></span> <span class='ocrx_word' id='word_1_29' title='bbox 1133 766 1254 815; x_wconf 88' lang='lat' dir='ltr'><strong>neces-</strong></span> 
     </span>
     <span class='ocr_line' id='line_1_5' title="bbox 191 863 1253 951; baseline -0.002 -19"><span class='ocrx_word' id='word_1_30' title='bbox 191 865 280 932; x_wconf 85' lang='lat' dir='ltr'><strong>sitas</strong></span> <span class='ocrx_word' id='word_1_31' title='bbox 297 865 398 932; x_wconf 90' lang='lat' dir='ltr'><strong>nobis</strong></span> <span class='ocrx_word' id='word_1_32' title='bbox 415 864 540 932; x_wconf 89' lang='lat' dir='ltr'><strong>orandi</strong></span> <span class='ocrx_word' id='word_1_33' title='bbox 553 883 618 951; x_wconf 93' lang='lat' dir='ltr'><strong>pro</strong></span> <span class='ocrx_word' id='word_1_34' title='bbox 635 863 918 950; x_wconf 90' lang='lat' dir='ltr'><strong>imperatoribus,</strong></span> <span class='ocrx_word' id='word_1_35' title='bbox 935 863 1056 932; x_wconf 80' lang='lat' dir='ltr'><strong>scribit</strong></span> <span class='ocrx_word' id='word_1_36' title='bbox 1067 865 1160 932; x_wconf 90' lang='lat' dir='ltr'><strong>idem</strong></span> <span class='ocrx_word' id='word_1_37' title='bbox 1175 867 1253 932; x_wconf 86' lang='lat' dir='ltr'><strong>Ter-</strong></span> 
     </span>
     <span class='ocr_line' id='line_1_6' title="bbox 189 978 1253 1066; baseline -0.001 -18"><span class='ocrx_word' id='word_1_38' title='bbox 189 980 372 1063; x_wconf 81' lang='lat' dir='ltr'><strong>tullianus,</strong></span> <span class='ocrx_word' id='word_1_39' title='bbox 391 981 498 1047; x_wconf 89' lang='lat' dir='ltr'><strong>eliam</strong></span> <span class='ocrx_word' id='word_1_40' title='bbox 519 998 584 1065; x_wconf 91' lang='lat' dir='ltr'><strong>pro</strong></span> <span class='ocrx_word' id='word_1_41' title='bbox 609 978 701 1046; x_wconf 94' lang='lat' dir='ltr'><strong>omni</strong></span> <span class='ocrx_word' id='word_1_42' title='bbox 725 982 817 1045; x_wconf 88' lang='lat' dir='ltr'><strong>statu</strong></span> <span class='ocrx_word' id='word_1_43' title='bbox 845 978 984 1066; x_wconf 91' lang='lat' dir='ltr'><strong>imperii</strong></span> <span class='ocrx_word' id='word_1_44' title='bbox 1005 982 1176 1066; x_wconf 83' lang='lat' dir='ltr'><strong>rebusque</strong></span> <span class='ocrx_word' id='word_1_45' title='bbox 1191 999 1253 1047; x_wconf 88' lang='lat' dir='ltr'><strong>ro-</strong></span> 
     </span>
     <span class='ocr_line' id='line_1_7' title="bbox 189 1092 1249 1186; baseline 0 -24"><span class='ocrx_word' id='word_1_46' title='bbox 189 1095 318 1178; x_wconf 87' lang='lat' dir='ltr'><strong>manis,</strong></span> <span class='ocrx_word' id='word_1_47' title='bbox 337 1095 430 1181; x_wconf 91' lang='lat' dir='ltr'><strong>quod</strong></span> <span class='ocrx_word' id='word_1_48' title='bbox 442 1093 513 1160; x_wconf 88' lang='lat' dir='ltr'><strong>vim</strong></span> <span class='ocrx_word' id='word_1_49' title='bbox 529 1093 721 1161; x_wconf 86' lang='lat' dir='ltr'><strong>maximam</strong></span> <span class='ocrx_word' id='word_1_50' title='bbox 739 1092 901 1160; x_wconf 87' lang='lat' dir='ltr'><strong>universo</strong></span> <span class='ocrx_word' id='word_1_51' title='bbox 919 1092 997 1160; x_wconf 87' lang='lat' dir='ltr'><strong>orbi</strong></span> <span class='ocrx_word' id='word_1_52' title='bbox 1013 1093 1249 1186; x_wconf 82' lang='lat' dir='ltr'><strong>imminentem</strong></span> 
     </span>
     <span class='ocr_line' id='line_1_8' title="bbox 187 1207 1251 1299; baseline -0.002 -21"><span class='ocrx_word' id='word_1_53' title='bbox 187 1211 375 1299; x_wconf 86' lang='lat' dir='ltr'><strong>ipsamque</strong></span> <span class='ocrx_word' id='word_1_54' title='bbox 386 1211 587 1278; x_wconf 83' lang='lat' dir='ltr'><strong>clausuram</strong></span> <span class='ocrx_word' id='word_1_55' title='bbox 602 1207 723 1277; x_wconf 86' lang='lat' dir='ltr'><strong>saeculi</strong></span> <span class='ocrx_word' id='word_1_56' title='bbox 734 1208 944 1277; x_wconf 81' lang='lat' dir='ltr'><strong>acerbitates</strong></span> <span class='ocrx_word' id='word_1_57' title='bbox 956 1210 1150 1277; x_wconf 89' lang='lat' dir='ltr'><strong>horrendas</strong></span> <span class='ocrx_word' id='word_1_58' title='bbox 1162 1229 1251 1278; x_wconf 91' lang='lat' dir='ltr'><strong>com·</strong></span> 
     </span>
     <span class='ocr_line' id='line_1_9' title="bbox 186 1322 1246 1410; baseline 0.001 -19"><span class='ocrx_word' id='word_1_59' title='bbox 186 1325 394 1406; x_wconf 86' lang='lat' dir='ltr'><strong>minantem,</strong></span> <span class='ocrx_word' id='word_1_60' title='bbox 408 1324 545 1391; x_wconf 91' lang='lat' dir='ltr'><strong>romani</strong></span> <span class='ocrx_word' id='word_1_61' title='bbox 558 1322 697 1410; x_wconf 89' lang='lat' dir='ltr'><strong>imperii</strong></span> <span class='ocrx_word' id='word_1_62' title='bbox 710 1327 907 1391; x_wconf 84' lang='lat' dir='ltr'><strong>commeatu</strong></span> <span class='ocrx_word' id='word_1_63' title='bbox 920 1322 1047 1390; x_wconf 91' lang='lat' dir='ltr'><strong>scimus</strong></span> <span class='ocrx_word' id='word_1_64' title='bbox 1058 1325 1246 1392; x_wconf 87' lang='lat' dir='ltr'><strong>retardari.</strong></span> 
     </span>
     <span class='ocr_line' id='line_1_10' title="bbox 186 1437 1246 1527; baseline -0.002 -19"><span class='ocrx_word' id='word_1_65' title='bbox 186 1443 311 1527; x_wconf 90' lang='lat' dir='ltr'><strong>Itaque</strong></span> <span class='ocrx_word' id='word_1_66' title='bbox 341 1439 503 1506; x_wconf 90' lang='lat' dir='ltr'><strong>nolumus</strong></span> <span class='ocrx_word' id='word_1_67' title='bbox 530 1438 697 1525; x_wconf 88' lang='lat' dir='ltr'><strong>experiri,</strong></span> <span class='ocrx_word' id='word_1_68' title='bbox 730 1443 765 1506; x_wconf 91' lang='lat' dir='ltr'><strong>et</strong></span> <span class='ocrx_word' id='word_1_69' title='bbox 790 1437 872 1505; x_wconf 91' lang='lat' dir='ltr'><strong>dum</strong></span> <span class='ocrx_word' id='word_1_70' title='bbox 895 1457 1082 1524; x_wconf 85' lang='lat' dir='ltr'><strong>precamur</strong></span> <span class='ocrx_word' id='word_1_71' title='bbox 1101 1439 1246 1523; x_wconf 89' lang='lat' dir='ltr'><strong>differri,</strong></span> 
     </span>
     <span class='ocr_line' id='line_1_11' title="bbox 185 1553 1247 1642; baseline 0 -20"><span class='ocrx_word' id='word_1_72' title='bbox 185 1575 344 1623; x_wconf 88' lang='lat' dir='ltr'><strong>romanae</strong></span> <span class='ocrx_word' id='word_1_73' title='bbox 368 1553 591 1622; x_wconf 86' lang='lat' dir='ltr'><strong>diuturnitati</strong></span> <span class='ocrx_word' id='word_1_74' title='bbox 610 1555 802 1622; x_wconf 64' lang='lat' dir='ltr'><strong>favemusl.</strong></span> <span class='ocrx_word' id='word_1_75' title='bbox 820 1580 837 1618; x_wconf 90' lang='lat'>»</span> <span class='ocrx_word' id='word_1_76' title='bbox 856 1557 1042 1642; x_wconf 86' lang='lat' dir='ltr'><strong>Nunquam</strong></span> <span class='ocrx_word' id='word_1_77' title='bbox 1059 1554 1247 1624; x_wconf 82' lang='lat' dir='ltr'><strong>Christiani</strong></span> 
     </span>
     <span class='ocr_line' id='line_1_12' title="bbox 185 1669 1247 1758; baseline -0.001 -19"><span class='ocrx_word' id='word_1_78' title='bbox 185 1672 419 1755; x_wconf 87' lang='lat' dir='ltr'><strong>rebellavere,</strong></span> <span class='ocrx_word' id='word_1_79' title='bbox 440 1675 475 1738; x_wconf 91' lang='lat' dir='ltr'><strong>et</strong></span> <span class='ocrx_word' id='word_1_80' title='bbox 498 1669 534 1736; x_wconf 93' lang='lat' dir='ltr'><strong>in</strong></span> <span class='ocrx_word' id='word_1_81' title='bbox 559 1669 743 1756; x_wconf 86' lang='lat' dir='ltr'><strong>Apologiis</strong></span> <span class='ocrx_word' id='word_1_82' title='bbox 764 1670 997 1758; x_wconf 90' lang='lat' dir='ltr'><strong>imperatores</strong></span> <span class='ocrx_word' id='word_1_83' title='bbox 1013 1670 1169 1738; x_wconf 84' lang='lat' dir='ltr'><strong>maxima</strong></span> <span class='ocrx_word' id='word_1_84' title='bbox 1186 1690 1247 1739; x_wconf 92' lang='lat' dir='ltr'><strong>ve-</strong></span> 
     </span>
     <span class='ocr_line' id='line_1_13' title="bbox 185 1787 757 1860; baseline -0.005 -5"><span class='ocrx_word' id='word_1_85' title='bbox 185 1787 370 1856; x_wconf 88' lang='lat' dir='ltr'><strong>neratione</strong></span> <span class='ocrx_word' id='word_1_86' title='bbox 386 1787 577 1854; x_wconf 70' lang='lat' dir='ltr'><strong>colebanti.</strong></span> <span class='ocrx_word' id='word_1_87' title='bbox 756 1856 757 1860; x_wconf 51' lang='lat'><strong>,</strong></span> 
     </span>
    </p>

    <p class='ocr_par' dir='ltr' id='par_1_3' title="bbox 184 1899 1245 2331">
     <span class='ocr_line' id='line_1_14' title="bbox 231 1899 1245 1976; baseline -0.006 0"><span class='ocrx_word' id='word_1_88' title='bbox 231 1903 344 1970; x_wconf 80' lang='lat' dir='ltr'><strong>Semel</strong></span> <span class='ocrx_word' id='word_1_89' title='bbox 371 1902 407 1968; x_wconf 84' lang='lat' dir='ltr'><strong>in</strong></span> <span class='ocrx_word' id='word_1_90' title='bbox 432 1901 533 1968; x_wconf 83' lang='lat' dir='ltr'><strong>libris</strong></span> <span class='ocrx_word' id='word_1_91' title='bbox 558 1905 598 1976; x_wconf 78' lang='grc' dir='ltr'><strong>ἐις</strong></span> <span class='ocrx_word' id='word_1_92' title='bbox 614 1903 711 1963; x_wconf 63' lang='grc' dir='ltr'>ἑαυτόν</span> <span class='ocrx_word' id='word_1_93' title='bbox 735 1901 778 1969; x_wconf 90' lang='lat' dir='ltr'><strong>de</strong></span> <span class='ocrx_word' id='word_1_94' title='bbox 805 1899 1013 1968; x_wconf 84' lang='lat' dir='ltr'><strong>Christianis</strong></span> <span class='ocrx_word' id='word_1_95' title='bbox 1034 1902 1245 1970; x_wconf 87' lang='lat' dir='ltr'><strong>mentionem</strong></span> 
     </span>
     <span class='ocr_line' id='line_1_15' title="bbox 185 2017 1245 2105; baseline -0.001 -19"><span class='ocrx_word' id='word_1_96' title='bbox 185 2019 270 2086; x_wconf 87' lang='lat' dir='ltr'><strong>lacit</strong></span> <span class='ocrx_word' id='word_1_97' title='bbox 299 2019 510 2102; x_wconf 88' lang='lat' dir='ltr'><strong>Antoninus,</strong></span> <span class='ocrx_word' id='word_1_98' title='bbox 536 2037 624 2105; x_wconf 89' lang='lat' dir='ltr'><strong>quos</strong></span> <span class='ocrx_word' id='word_1_99' title='bbox 647 2017 786 2104; x_wconf 91' lang='lat' dir='ltr'><strong>quidem</strong></span> <span class='ocrx_word' id='word_1_100' title='bbox 811 2036 881 2085; x_wconf 92' lang='lat' dir='ltr'><strong>non</strong></span> <span class='ocrx_word' id='word_1_101' title='bbox 906 2019 1093 2104; x_wconf 86' lang='lat' dir='ltr'><strong>approbat,</strong></span> <span class='ocrx_word' id='word_1_102' title='bbox 1121 2023 1245 2086; x_wconf 87' lang='lat' dir='ltr'><strong>contra</strong></span> 
     </span>
     <span class='ocr_line' id='line_1_16' title="bbox 184 2133 1245 2222; baseline 0 -20"><span class='ocrx_word' id='word_1_103' title='bbox 184 2153 272 2222; x_wconf 90' lang='lat' dir='ltr'><strong>quos</strong></span> <span class='ocrx_word' id='word_1_104' title='bbox 288 2139 406 2202; x_wconf 89' lang='lat' dir='ltr'><strong>autem</strong></span> <span class='ocrx_word' id='word_1_105' title='bbox 424 2152 492 2201; x_wconf 95' lang='lat' dir='ltr'><strong>non</strong></span> <span class='ocrx_word' id='word_1_106' title='bbox 509 2133 699 2215; x_wconf 90' lang='lat' dir='ltr'><strong>invehitur,</strong></span> <span class='ocrx_word' id='word_1_107' title='bbox 713 2133 840 2202; x_wconf 89' lang='lat' dir='ltr'><strong>nedum</strong></span> <span class='ocrx_word' id='word_1_108' title='bbox 854 2152 914 2200; x_wconf 93' lang='lat' dir='ltr'><strong>eos</strong></span> <span class='ocrx_word' id='word_1_109' title='bbox 930 2152 993 2220; x_wconf 92' lang='lat' dir='ltr'><strong>pro</strong></span> <span class='ocrx_word' id='word_1_110' title='bbox 1009 2134 1135 2202; x_wconf 86' lang='lat' dir='ltr'><strong>futuris</strong></span> <span class='ocrx_word' id='word_1_111' title='bbox 1148 2135 1245 2202; x_wconf 91' lang='lat' dir='ltr'><strong>orbis</strong></span> 
     </span>
     <span class='ocr_line' id='line_1_17' title="bbox 184 2249 519 2331; baseline 0 -13"><span class='ocrx_word' id='word_1_112' title='bbox 184 2250 336 2318; x_wconf 89' lang='lat' dir='ltr'><strong>dominis</strong></span> <span class='ocrx_word' id='word_1_113' title='bbox 352 2253 483 2331; x_wconf 88' lang='lat' dir='ltr'><strong>habeat</strong></span> <span class='ocrx_word' id='word_1_114' title='bbox 493 2249 519 2318; x_wconf 71' lang='lat'><strong>4.</strong></span> 
     </span>
    </p>

    <p class='ocr_par' dir='ltr' id='par_1_4' title="bbox 182 2362 1243 2913">
     <span class='ocr_line' id='line_1_18' title="bbox 228 2362 1241 2452; baseline -0.003 -17"><span class='ocrx_word' id='word_1_115' title='bbox 228 2367 330 2435; x_wconf 90' lang='lat' dir='ltr'><strong>Haud</strong></span> <span class='ocrx_word' id='word_1_116' title='bbox 353 2365 456 2432; x_wconf 86' lang='lat' dir='ltr'><strong>facile</strong></span> <span class='ocrx_word' id='word_1_117' title='bbox 477 2365 560 2432; x_wconf 93' lang='lat' dir='ltr'><strong>sciri</strong></span> <span class='ocrx_word' id='word_1_118' title='bbox 581 2366 697 2451; x_wconf 89' lang='lat' dir='ltr'><strong>potest</strong></span> <span class='ocrx_word' id='word_1_119' title='bbox 722 2362 894 2452; x_wconf 87' lang='lat' dir='ltr'><strong>quiesset</strong></span> <span class='ocrx_word' id='word_1_120' title='bbox 915 2382 1035 2431; x_wconf 91' lang='lat' dir='ltr'><strong>eorum</strong></span> <span class='ocrx_word' id='word_1_121' title='bbox 1057 2383 1241 2447; x_wconf 82' lang='lat' dir='ltr'><strong>numerus3</strong></span> 
     </span>
     <span class='ocr_line' id='line_1_19' title="bbox 184 2478 1243 2566; baseline -0.002 -17"><span class='ocrx_word' id='word_1_122' title='bbox 184 2482 245 2550; x_wconf 88' lang='lat' dir='ltr'><strong>sed</strong></span> <span class='ocrx_word' id='word_1_123' title='bbox 274 2501 296 2548; x_wconf 93' lang='lat' dir='ltr'><strong>a</strong></span> <span class='ocrx_word' id='word_1_124' title='bbox 320 2480 544 2548; x_wconf 81' lang='lat' dir='ltr'><strong>Tertulliano</strong></span> <span class='ocrx_word' id='word_1_125' title='bbox 573 2498 651 2547; x_wconf 91' lang='lat' dir='ltr'><strong>eum</strong></span> <span class='ocrx_word' id='word_1_126' title='bbox 682 2480 827 2545; x_wconf 89' lang='lat' dir='ltr'><strong>multum</strong></span> <span class='ocrx_word' id='word_1_127' title='bbox 854 2478 1105 2566; x_wconf 85' lang='lat' dir='ltr'><strong>amplificatum</strong></span> <span class='ocrx_word' id='word_1_128' title='bbox 1135 2479 1243 2548; x_wconf 83' lang='lat' dir='ltr'><strong>fuisse</strong></span> 
     </span>
     <span class='ocr_line' id='line_1_20' title="bbox 182 2594 1241 2686; baseline 0 -22"><span class='ocrx_word' id='word_1_129' title='bbox 182 2616 308 2686; x_wconf 89' lang='lat' dir='ltr'><strong>parurn</strong></span> <span class='ocrx_word' id='word_1_130' title='bbox 331 2596 475 2664; x_wconf 92' lang='lat' dir='ltr'><strong>dubium</strong></span> <span class='ocrx_word' id='word_1_131' title='bbox 492 2595 578 2662; x_wconf 80' lang='lat' dir='ltr'><strong>est5.</strong></span> <span class='ocrx_word' id='word_1_132' title='bbox 601 2597 669 2662; x_wconf 86' lang='lat' dir='ltr'><strong>Eos</strong></span> <span class='ocrx_word' id='word_1_133' title='bbox 690 2596 899 2662; x_wconf 83' lang='lat' dir='ltr'><strong>Plutarchus</strong></span> <span class='ocrx_word' id='word_1_134' title='bbox 916 2594 1045 2662; x_wconf 89' lang='lat' dir='ltr'><strong>omittit</strong></span> <span class='ocrx_word' id='word_1_135' title='bbox 1061 2598 1096 2678; x_wconf 78' lang='lat' dir='ltr'><strong>et</strong></span> <span class='ocrx_word' id='word_1_136' title='bbox 1112 2596 1241 2664; x_wconf 90' lang='lat' dir='ltr'><strong>Lucia-</strong></span> 
     </span>
     <span class='ocr_line' id='line_1_21' title="bbox 183 2709 1241 2796; baseline 0 -17"><span class='ocrx_word' id='word_1_137' title='bbox 183 2732 248 2779; x_wconf 89' lang='lat' dir='ltr'><strong>nus</strong></span> <span class='ocrx_word' id='word_1_138' title='bbox 276 2712 368 2779; x_wconf 92' lang='lat' dir='ltr'><strong>male</strong></span> <span class='ocrx_word' id='word_1_139' title='bbox 398 2710 597 2796; x_wconf 83' lang='lat' dir='ltr'><strong>cognoscit,</strong></span> <span class='ocrx_word' id='word_1_140' title='bbox 634 2709 795 2796; x_wconf 87' lang='lat' dir='ltr'><strong>quamvis</strong></span> <span class='ocrx_word' id='word_1_141' title='bbox 824 2711 943 2796; x_wconf 89' lang='lat' dir='ltr'><strong>plures</strong></span> <span class='ocrx_word' id='word_1_142' title='bbox 974 2711 1009 2776; x_wconf 92' lang='lat' dir='ltr'><strong>in</strong></span> <span class='ocrx_word' id='word_1_143' title='bbox 1038 2712 1175 2778; x_wconf 86' lang='lat' dir='ltr'><strong>Graecia</strong></span> <span class='ocrx_word' id='word_1_144' title='bbox 1207 2717 1241 2779; x_wconf 90' lang='lat' dir='ltr'><strong>et</strong></span> 
     </span>
     <span class='ocr_line' id='line_1_22' title="bbox 183 2825 869 2913; baseline -0.003 -19"><span class='ocrx_word' id='word_1_145' title='bbox 183 2827 324 2894; x_wconf 90' lang='lat' dir='ltr'><strong>Oriente</strong></span> <span class='ocrx_word' id='word_1_146' title='bbox 341 2833 457 2894; x_wconf 89' lang='lat' dir='ltr'><strong>essent</strong></span> <span class='ocrx_word' id='word_1_147' title='bbox 471 2845 576 2913; x_wconf 87' lang='lat' dir='ltr'><strong>quam</strong></span> <span class='ocrx_word' id='word_1_148' title='bbox 594 2825 628 2892; x_wconf 94' lang='lat' dir='ltr'><strong>in</strong></span> <span class='ocrx_word' id='word_1_149' title='bbox 647 2825 832 2892; x_wconf 90' lang='lat' dir='ltr'><strong>Occidente</strong></span> <span class='ocrx_word' id='word_1_150' title='bbox 844 2827 869 2892; x_wconf 73' lang='lat'><strong>⁶.</strong></span> 
     </span>
    </p>
   </div>
   <div class='ocr_carea' id='block_1_3' title="bbox 178 3047 1291 4307">
    <p class='ocr_par' dir='ltr' id='par_1_5' title="bbox 219 3047 658 3117">
     <span class='ocr_line' id='line_1_23' title="bbox 219 3047 658 3117; baseline -0.002 -15"><span class='ocrx_word' id='word_1_151' title='bbox 219 3049 243 3104; x_wconf 91' lang='lat' dir='ltr'><strong>l.</strong></span> <span class='ocrx_word' id='word_1_152' title='bbox 262 3051 309 3104; x_wconf 84' lang='lat' dir='ltr'><strong>Ad</strong></span> <span class='ocrx_word' id='word_1_153' title='bbox 321 3049 443 3117; x_wconf 75' lang='lat' dir='ltr'><strong>Scapul.</strong></span> <span class='ocrx_word' id='word_1_154' title='bbox 463 3047 486 3103; x_wconf 91' lang='lat' dir='ltr'><strong>l.</strong></span> <span class='ocrx_word' id='word_1_155' title='bbox 655 3091 658 3098; x_wconf 93' lang='lat'>.</span> 
     </span>
    </p>

    <p class='ocr_par' dir='ltr' id='par_1_6' title="bbox 216 3132 1291 3204">
     <span class='ocr_line' id='line_1_24' title="bbox 216 3132 1291 3204; baseline -0.01 -13"><span class='ocrx_word' id='word_1_156' title='bbox 216 3135 242 3192; x_wconf 72' lang='grc' dir='ltr'><strong>Ξ.</strong></span> <span class='ocrx_word' id='word_1_157' title='bbox 263 3135 388 3191; x_wconf 85' lang='lat' dir='ltr'><strong>Tertull.</strong></span> <span class='ocrx_word' id='word_1_158' title='bbox 406 3135 531 3204; x_wconf 73' lang='lat' dir='ltr'><strong>Apotop.</strong></span> <span class='ocrx_word' id='word_1_159' title='bbox 547 3132 591 3188; x_wconf 75' lang='lat'><strong>32.</strong></span> <span class='ocrx_word' id='word_1_160' title='bbox 1289 3191 1291 3196; x_wconf 68' lang='lat'><strong>,</strong></span> 
     </span>
    </p>

    <p class='ocr_par' dir='ltr' id='par_1_7' title="bbox 178 3216 1240 4052">
     <span class='ocr_line' id='line_1_25' title="bbox 215 3216 1240 3287; baseline -0.001 -13"><span class='ocrx_word' id='word_1_161' title='bbox 215 3221 242 3276; x_wconf 82' lang='lat'><strong>3.</strong></span> <span class='ocrx_word' id='word_1_162' title='bbox 264 3235 280 3274; x_wconf 92' lang='lat'>«</span> <span class='ocrx_word' id='word_1_163' title='bbox 301 3219 384 3282; x_wconf 87' lang='lat' dir='ltr'><strong>Quod</strong></span> <span class='ocrx_word' id='word_1_164' title='bbox 401 3219 428 3274; x_wconf 92' lang='lat' dir='ltr'><strong>si</strong></span> <span class='ocrx_word' id='word_1_165' title='bbox 444 3219 508 3274; x_wconf 82' lang='lat' dir='ltr'><strong>haec</strong></span> <span class='ocrx_word' id='word_1_166' title='bbox 522 3218 575 3274; x_wconf 87' lang='lat' dir='ltr'><strong>tuo</strong></span> <span class='ocrx_word' id='word_1_167' title='bbox 594 3217 685 3287; x_wconf 86' lang='lat' dir='ltr'><strong>jussu</strong></span> <span class='ocrx_word' id='word_1_168' title='bbox 706 3216 797 3286; x_wconf 86' lang='lat' dir='ltr'><strong>liunt,</strong></span> <span class='ocrx_word' id='word_1_169' title='bbox 815 3218 899 3273; x_wconf 90' lang='lat' dir='ltr'><strong>recte</strong></span> <span class='ocrx_word' id='word_1_170' title='bbox 918 3216 1010 3286; x_wconf 86' lang='lat' dir='ltr'><strong>atque</strong></span> <span class='ocrx_word' id='word_1_171' title='bbox 1030 3217 1136 3272; x_wconf 88' lang='lat' dir='ltr'><strong>ordine</strong></span> <span class='ocrx_word' id='word_1_172' title='bbox 1156 3217 1240 3274; x_wconf 83' lang='lat' dir='ltr'><strong>iactu</strong></span> 
     </span>
     <span class='ocr_line' id='line_1_26' title="bbox 181 3301 1240 3373; baseline -0.004 -12"><span class='ocrx_word' id='word_1_173' title='bbox 181 3305 282 3361; x_wconf 83' lang='lat' dir='ltr'><strong>sunto.</strong></span> <span class='ocrx_word' id='word_1_174' title='bbox 298 3305 401 3372; x_wconf 90' lang='lat' dir='ltr'><strong>Neque</strong></span> <span class='ocrx_word' id='word_1_175' title='bbox 422 3303 503 3358; x_wconf 88' lang='lat' dir='ltr'><strong>enim</strong></span> <span class='ocrx_word' id='word_1_176' title='bbox 523 3302 590 3358; x_wconf 87' lang='lat' dir='ltr'><strong>fieri</strong></span> <span class='ocrx_word' id='word_1_177' title='bbox 607 3302 712 3372; x_wconf 87' lang='lat' dir='ltr'><strong>potest</strong></span> <span class='ocrx_word' id='word_1_178' title='bbox 728 3303 763 3357; x_wconf 92' lang='lat' dir='ltr'><strong>ut</strong></span> <span class='ocrx_word' id='word_1_179' title='bbox 773 3301 878 3372; x_wconf 89' lang='lat' dir='ltr'><strong>justus</strong></span> <span class='ocrx_word' id='word_1_180' title='bbox 892 3302 1034 3373; x_wconf 90' lang='lat' dir='ltr'><strong>princeps</strong></span> <span class='ocrx_word' id='word_1_181' title='bbox 1049 3302 1165 3371; x_wconf 83' lang='lat' dir='ltr'><strong>aliquid</strong></span> <span class='ocrx_word' id='word_1_182' title='bbox 1185 3317 1240 3357; x_wconf 91' lang='lat' dir='ltr'><strong>un-</strong></span> 
     </span>
     <span class='ocr_line' id='line_1_27' title="bbox 181 3386 1238 3460; baseline -0.001 -17"><span class='ocrx_word' id='word_1_183' title='bbox 181 3403 273 3460; x_wconf 88' lang='lat' dir='ltr'><strong>quam</strong></span> <span class='ocrx_word' id='word_1_184' title='bbox 287 3389 403 3458; x_wconf 85' lang='lat' dir='ltr'><strong>iujuste</strong></span> <span class='ocrx_word' id='word_1_185' title='bbox 418 3387 632 3442; x_wconf 81' lang='lat' dir='ltr'><strong>constituat...</strong></span> <span class='ocrx_word' id='word_1_186' title='bbox 650 3387 719 3441; x_wconf 85' lang='lat' dir='ltr'><strong>Haec</strong></span> <span class='ocrx_word' id='word_1_187' title='bbox 739 3386 941 3458; x_wconf 85' lang='lat' dir='ltr'><strong>philosophiae</strong></span> <span class='ocrx_word' id='word_1_188' title='bbox 961 3388 1046 3443; x_wconf 87' lang='lat' dir='ltr'><strong>secta</strong></span> <span class='ocrx_word' id='word_1_189' title='bbox 1061 3401 1151 3455; x_wconf 90' lang='lat' dir='ltr'><strong>quam</strong></span> <span class='ocrx_word' id='word_1_190' title='bbox 1166 3400 1238 3458; x_wconf 91' lang='lat' dir='ltr'><strong>pro·</strong></span> 
     </span>
     <span class='ocr_line' id='line_1_28' title="bbox 179 3471 1237 3543; baseline -0.004 -13"><span class='ocrx_word' id='word_1_191' title='bbox 179 3475 312 3540; x_wconf 79' lang='lat' dir='ltr'><strong>utemur,</strong></span> <span class='ocrx_word' id='word_1_192' title='bbox 327 3473 415 3543; x_wconf 89' lang='lat' dir='ltr'><strong>prius</strong></span> <span class='ocrx_word' id='word_1_193' title='bbox 434 3472 555 3540; x_wconf 89' lang='lat' dir='ltr'><strong>quidem</strong></span> <span class='ocrx_word' id='word_1_194' title='bbox 571 3471 673 3541; x_wconf 80' lang='lat' dir='ltr'><strong>viguit</strong></span> <span class='ocrx_word' id='word_1_195' title='bbox 688 3471 769 3541; x_wconf 90' lang='lat' dir='ltr'><strong>apud</strong></span> <span class='ocrx_word' id='word_1_196' title='bbox 783 3472 941 3528; x_wconf 89' lang='lat' dir='ltr'><strong>barbaros.</strong></span> <span class='ocrx_word' id='word_1_197' title='bbox 959 3472 1070 3528; x_wconf 82' lang='lat' dir='ltr'><strong>Postea</strong></span> <span class='ocrx_word' id='word_1_198' title='bbox 1085 3484 1159 3525; x_wconf 90' lang='lat' dir='ltr'><strong>vero</strong></span> <span class='ocrx_word' id='word_1_199' title='bbox 1170 3485 1237 3526; x_wconf 91' lang='lat' dir='ltr'><strong>cum</strong></span> 
     </span>
     <span class='ocr_line' id='line_1_29' title="bbox 178 3555 1236 3632; baseline -0.004 -18"><span class='ocrx_word' id='word_1_200' title='bbox 178 3559 348 3632; x_wconf 88' lang='lat' dir='ltr'><strong>provinciis</strong></span> <span class='ocrx_word' id='word_1_201' title='bbox 369 3557 490 3628; x_wconf 89' lang='lat' dir='ltr'><strong>imperii</strong></span> <span class='ocrx_word' id='word_1_202' title='bbox 505 3557 551 3612; x_wconf 86' lang='lat' dir='ltr'><strong>tui</strong></span> <span class='ocrx_word' id='word_1_203' title='bbox 575 3557 741 3625; x_wconf 83' lang='lat' dir='ltr'><strong>illuxisset,</strong></span> <span class='ocrx_word' id='word_1_204' title='bbox 761 3557 938 3628; x_wconf 87' lang='lat' dir='ltr'><strong>principatu</strong></span> <span class='ocrx_word' id='word_1_205' title='bbox 961 3557 1065 3624; x_wconf 82' lang='lat' dir='ltr'><strong>magni</strong></span> <span class='ocrx_word' id='word_1_206' title='bbox 1080 3555 1163 3611; x_wconf 89' lang='lat' dir='ltr'><strong>illius</strong></span> <span class='ocrx_word' id='word_1_207' title='bbox 1176 3559 1236 3610; x_wconf 93' lang='lat' dir='ltr'><strong>Au-</strong></span> 
     </span>
     <span class='ocr_line' id='line_1_30' title="bbox 180 3641 1237 3714; baseline -0.004 -16"><span class='ocrx_word' id='word_1_208' title='bbox 180 3642 262 3711; x_wconf 83' lang='lat' dir='ltr'><strong>gusti</strong></span> <span class='ocrx_word' id='word_1_209' title='bbox 289 3642 337 3712; x_wconf 88' lang='lat' dir='ltr'><strong>qui</strong></span> <span class='ocrx_word' id='word_1_210' title='bbox 368 3655 445 3697; x_wconf 92' lang='lat' dir='ltr'><strong>unus</strong></span> <span class='ocrx_word' id='word_1_211' title='bbox 460 3655 511 3714; x_wconf 86' lang='lat' dir='ltr'><strong>ex</strong></span> <span class='ocrx_word' id='word_1_212' title='bbox 538 3641 708 3710; x_wconf 87' lang='lat' dir='ltr'><strong>majoribus</strong></span> <span class='ocrx_word' id='word_1_213' title='bbox 730 3641 810 3710; x_wconf 90' lang='lat' dir='ltr'><strong>tuis,</strong></span> <span class='ocrx_word' id='word_1_214' title='bbox 833 3641 970 3697; x_wconf 82' lang='lat' dir='ltr'><strong>faustum</strong></span> <span class='ocrx_word' id='word_1_215' title='bbox 995 3653 1237 3711; x_wconf 89' lang='lat' dir='ltr'><strong>prosperumque</strong></span> 
     </span>
     <span class='ocr_line' id='line_1_31' title="bbox 179 3725 1238 3797; baseline -0.002 -15"><span class='ocrx_word' id='word_1_216' title='bbox 179 3741 266 3782; x_wconf 90' lang='lat' dir='ltr'><strong>omen</strong></span> <span class='ocrx_word' id='word_1_217' title='bbox 283 3727 416 3782; x_wconf 85' lang='lat' dir='ltr'><strong>exstitit.</strong></span> <span class='ocrx_word' id='word_1_218' title='bbox 433 3727 478 3780; x_wconf 83' lang='lat' dir='ltr'><strong>Ex</strong></span> <span class='ocrx_word' id='word_1_219' title='bbox 497 3741 533 3781; x_wconf 91' lang='lat' dir='ltr'><strong>eo</strong></span> <span class='ocrx_word' id='word_1_220' title='bbox 548 3725 699 3796; x_wconf 89' lang='lat' dir='ltr'><strong>siquidem</strong></span> <span class='ocrx_word' id='word_1_221' title='bbox 719 3728 858 3797; x_wconf 90' lang='lat' dir='ltr'><strong>ternpore</strong></span> <span class='ocrx_word' id='word_1_222' title='bbox 879 3725 1024 3781; x_wconf 86' lang='lat' dir='ltr'><strong>maximis</strong></span> <span class='ocrx_word' id='word_1_223' title='bbox 1041 3725 1238 3780; x_wconf 87' lang='lat' dir='ltr'><strong>incrementis</strong></span> 
     </span>
     <span class='ocr_line' id='line_1_32' title="bbox 178 3810 1234 3881; baseline -0.001 -16"><span class='ocrx_word' id='word_1_224' title='bbox 178 3819 271 3865; x_wconf 84' lang='lat' dir='ltr'><strong>aucta</strong></span> <span class='ocrx_word' id='word_1_225' title='bbox 280 3811 329 3865; x_wconf 81' lang='lat' dir='ltr'><strong>est</strong></span> <span class='ocrx_word' id='word_1_226' title='bbox 341 3810 489 3880; x_wconf 88' lang='lat' dir='ltr'><strong>majestas</strong></span> <span class='ocrx_word' id='word_1_227' title='bbox 499 3810 622 3880; x_wconf 87' lang='lat' dir='ltr'><strong>imperii</strong></span> <span class='ocrx_word' id='word_1_228' title='bbox 635 3811 754 3866; x_wconf 88' lang='lat' dir='ltr'><strong>romani</strong></span> <span class='ocrx_word' id='word_1_229' title='bbox 767 3812 855 3881; x_wconf 88' lang='lat' dir='ltr'><strong>cujus</strong></span> <span class='ocrx_word' id='word_1_230' title='bbox 869 3811 903 3866; x_wconf 86' lang='lat' dir='ltr'><strong>tu</strong></span> <span class='ocrx_word' id='word_1_231' title='bbox 917 3810 1006 3866; x_wconf 86' lang='lat' dir='ltr'><strong>heres</strong></span> <span class='ocrx_word' id='word_1_232' title='bbox 1017 3824 1052 3864; x_wconf 90' lang='lat' dir='ltr'><strong>ac</strong></span> <span class='ocrx_word' id='word_1_233' title='bbox 1067 3823 1234 3876; x_wconf 84' lang='lat' dir='ltr'><strong>successor,</strong></span> 
     </span>
     <span class='ocr_line' id='line_1_33' title="bbox 179 3895 1234 3966; baseline 0.003 -17"><span class='ocrx_word' id='word_1_234' title='bbox 179 3895 389 3964; x_wconf 82' lang='lat' dir='ltr'><strong>aspirantibus</strong></span> <span class='ocrx_word' id='word_1_235' title='bbox 400 3895 536 3949; x_wconf 91' lang='lat' dir='ltr'><strong>omnium</strong></span> <span class='ocrx_word' id='word_1_236' title='bbox 548 3895 638 3963; x_wconf 87' lang='lat' dir='ltr'><strong>votis,</strong></span> <span class='ocrx_word' id='word_1_237' title='bbox 651 3897 769 3966; x_wconf 86' lang='lat' dir='ltr'><strong>potitus</strong></span> <span class='ocrx_word' id='word_1_238' title='bbox 782 3910 825 3952; x_wconf 88' lang='lat' dir='ltr'><strong>es.</strong></span> <span class='ocrx_word' id='word_1_239' title='bbox 836 3913 853 3950; x_wconf 88' lang='lat'><strong><em>»</em></strong></span> <span class='ocrx_word' id='word_1_240' title='bbox 866 3895 928 3951; x_wconf 84' lang='lat' dir='ltr'><strong>Scti</strong></span> <span class='ocrx_word' id='word_1_241' title='bbox 942 3895 1098 3951; x_wconf 87' lang='lat' dir='ltr'><strong>Melitonis</strong></span> <span class='ocrx_word' id='word_1_242' title='bbox 1109 3896 1234 3963; x_wconf 73' lang='lat' dir='ltr'><strong>Apoloo.</strong></span> 
     </span>
     <span class='ocr_line' id='line_1_34' title="bbox 178 3979 916 4052; baseline 0 -18"><span class='ocrx_word' id='word_1_243' title='bbox 178 3979 217 4034; x_wconf 85' lang='lat' dir='ltr'><strong>ad</strong></span> <span class='ocrx_word' id='word_1_244' title='bbox 232 3981 272 4035; x_wconf 90' lang='lat' dir='ltr'><strong>M.</strong></span> <span class='ocrx_word' id='word_1_245' title='bbox 285 3979 443 4052; x_wconf 84' lang='lat' dir='ltr'><strong>Aurelium</strong></span> <span class='ocrx_word' id='word_1_246' title='bbox 457 3981 566 4050; x_wconf 90' lang='lat' dir='ltr'><strong>lmper.</strong></span> <span class='ocrx_word' id='word_1_247' title='bbox 580 3981 612 4034; x_wconf 92' lang='lat' dir='ltr'><strong>in</strong></span> <span class='ocrx_word' id='word_1_248' title='bbox 625 3981 728 4050; x_wconf 70' lang='lat' dir='ltr'><strong>spicil.</strong></span> <span class='ocrx_word' id='word_1_249' title='bbox 743 3982 870 4037; x_wconf 83' lang='lat' dir='ltr'><strong>Solesm.</strong></span> <span class='ocrx_word' id='word_1_250' title='bbox 884 3981 916 4035; x_wconf 93' lang='lat' dir='ltr'><strong>ll.</strong></span> 
     </span>
    </p>

    <p class='ocr_par' dir='ltr' id='par_1_8' title="bbox 212 4064 517 4135">
     <span class='ocr_line' id='line_1_35' title="bbox 212 4064 517 4135; baseline -0.003 -13"><span class='ocrx_word' id='word_1_251' title='bbox 212 4065 239 4122; x_wconf 75' lang='lat' dir='ltr'><strong>ll.</strong></span> <span class='ocrx_word' id='word_1_252' title='bbox 264 4064 314 4126; x_wconf 77' lang='grc' dir='ltr'><strong>Ἐις</strong></span> <span class='ocrx_word' id='word_1_253' title='bbox 329 4065 422 4135; x_wconf 81' lang='grc' dir='ltr'>ἑαυτόν,</span> <span class='ocrx_word' id='word_1_254' title='bbox 435 4078 476 4134; x_wconf 75' lang='lat' dir='ltr'><strong>XI,</strong></span> <span class='ocrx_word' id='word_1_255' title='bbox 490 4065 517 4121; x_wconf 86' lang='lat'><strong>3.</strong></span> 
     </span>
    </p>

    <p class='ocr_par' dir='ltr' id='par_1_9' title="bbox 211 4149 546 4220">
     <span class='ocr_line' id='line_1_36' title="bbox 211 4149 546 4220; baseline 0 -15"><span class='ocrx_word' id='word_1_256' title='bbox 211 4151 237 4205; x_wconf 83' lang='lat'><strong>5.</strong></span> <span class='ocrx_word' id='word_1_257' title='bbox 259 4153 412 4220; x_wconf 73' lang='lat' dir='ltr'><strong>Apolouet.</strong></span> <span class='ocrx_word' id='word_1_258' title='bbox 429 4150 442 4205; x_wconf 93' lang='lat' dir='ltr'><strong>l</strong></span> <span class='ocrx_word' id='word_1_259' title='bbox 458 4151 490 4206; x_wconf 89' lang='lat' dir='ltr'><strong>et</strong></span> <span class='ocrx_word' id='word_1_260' title='bbox 502 4149 546 4206; x_wconf 85' lang='lat'><strong>37.</strong></span> 
     </span>
    </p>

    <p class='ocr_par' dir='ltr' id='par_1_10' title="bbox 211 4232 1235 4307">
     <span class='ocr_line' id='line_1_37' title="bbox 211 4232 1235 4307; baseline 0 -17"><span class='ocrx_word' id='word_1_261' title='bbox 211 4236 238 4292; x_wconf 83' lang='lat' dir='ltr'><strong>o.</strong></span> <span class='ocrx_word' id='word_1_262' title='bbox 259 4236 327 4292; x_wconf 83' lang='lat' dir='ltr'><strong>vid.</strong></span> <span class='ocrx_word' id='word_1_263' title='bbox 343 4237 456 4306; x_wconf 85' lang='lat' dir='ltr'><strong>Duruy,</strong></span> <span class='ocrx_word' id='word_1_264' title='bbox 473 4237 541 4290; x_wconf 79' lang='lat' dir='ltr'><strong>Hiut</strong></span> <span class='ocrx_word' id='word_1_265' title='bbox 556 4238 610 4290; x_wconf 83' lang='lat' dir='ltr'><strong>des</strong></span> <span class='ocrx_word' id='word_1_266' title='bbox 626 4237 784 4293; x_wconf 70' lang='lat' dir='ltr'><strong>Romulus.</strong></span> <span class='ocrx_word' id='word_1_267' title='bbox 801 4237 837 4306; x_wconf 88' lang='lat' dir='ltr'><strong>V,</strong></span> <span class='ocrx_word' id='word_1_268' title='bbox 849 4251 879 4307; x_wconf 92' lang='lat' dir='ltr'><strong>p.</strong></span> <span class='ocrx_word' id='word_1_269' title='bbox 894 4232 955 4291; x_wconf 78' lang='lat' dir='ltr'><strong>llo.</strong></span> <span class='ocrx_word' id='word_1_270' title='bbox 972 4234 1169 4291; x_wconf 83' lang='lat' dir='ltr'><strong>constantino</strong></span> <span class='ocrx_word' id='word_1_271' title='bbox 1183 4235 1235 4290; x_wconf 92' lang='lat' dir='ltr'><strong>im·</strong></span> 
     </span>
    </p>
   </div>
   <div class='ocr_carea' id='block_1_4' title="bbox 0 0 1568 4962">
    <p class='ocr_par' dir='ltr' id='par_1_11' title="bbox 0 0 1568 4962">
     <span class='ocr_line' id='line_1_38' title="bbox 0 0 1568 4962; baseline 0 5"><span class='ocrx_word' id='word_1_272' title='bbox 0 0 1568 4962; x_wconf 95' lang='lat' dir='ltr'><strong> </strong></span> 
     </span>
    </p>
   </div>
  </div>
 </body>
</html>
