3128 4962
568 418 612 467 nn
632 419 721 468 sunu
743 417 899 467 resumo.
1218 397 1262 464 59

206 545 269 611 aut
286 540 374 610 nihil
389 540 581 625 constituit,
601 545 662 610 aut
674 539 750 628 jam
770 541 816 609 ab
833 539 913 609 aliis
928 539 1145 628 principibus
1160 559 1263 612 cons·

205 659 313 727 tituta
331 657 553 726 confirmavit
564 659 589 725 l.
979 741 982 746 Ι

253 778 295 844 Ut
313 773 541 843 matrimonia
566 777 813 842 veteranorum
834 770 993 840 faciliora
1009 773 1132 840 fierent
1151 770 1264 860 privi-

206 891 339 976 legium
356 909 425 958 non
442 889 539 978 ipsiS,
565 892 626 959 sed
643 889 775 958 soceris
794 909 912 956 eorum
934 888 1079 972 creavit,
1097 889 1133 956 in
1160 890 1262 975 frag-

205 1005 333 1074 mentis
362 1025 442 1092 quae
469 1005 643 1074 Vaticana
670 1006 833 1074 dicuntur
862 1006 1022 1073 relatum.
1062 1027 1079 1066 <‹
1109 1007 1160 1072 Ex
1189 1003 1263 1072 illia

207 1125 352 1209 nepotes
373 1140 443 1189 non
467 1123 633 1208 prodesse
653 1122 698 1189 ad
724 1122 844 1188 tutelae
870 1120 1133 1202 liberationem,
1161 1119 1259 1188 siout‘

207 1257 273 1306 nec
292 1239 337 1306 ad
355 1237 567 1307 caducorum
580 1236 851 1307 vindicationem
868 1238 987 1324 palam
1004 1241 1074 1318 est3
1094 1237 1160 1305 nisi
1177 1237 1262 1304 mibi

206 1373 386 1442 proponas
400 1372 444 1422 ex
456 1359 623 1422 veterano
637 1353 853 1440 praetoriano
866 1372 996 1439 genero
1011 1353 1142 1421 socium
1157 1373 1262 1422 avum

207 1472 392 1550 effectum3
423 1474 505 1537 tuuc
527 1471 623 1537 enim
656 1471 844 1538 secundnm
870 1469 1065 1538 orati0nem
1087 1472 1126 1537 D.
1154 1469 1263 1538 Marci

96 1573 100 1580 ’
207 1605 313 1673 quam
333 1586 368 1652 in
394 1585 519 1654 castris
541 1585 718 1672 praetoriis
742 1585 926 1668 recitavit,
947 1588 1057 1654 Paulo
1081 1586 1208 1655 iterum
1228 1590 1263 1655 et

205 1700 409 1788 Aproniano
426 1701 627 1768 consulibus
641 1703 736 1782 VIII,
757 1703 807 1769 Id.
826 1701 919 1788 jan,
937 1702 973 1769 id
994 1703 1136 1771 babebit
1156 1723 1260 1785 avus,
1372 1747 1375 1754 .

207 1817 302 1904 quod
321 1818 429 1884 habet
446 1815 484 1883 in
503 1815 689 1902 nepotibus
708 1835 751 1884 ex
766 1817 838 1884 lilio
854 1817 957 1896 natis,
976 1818 1075 1906 cujus
1091 1818 1263 1887 orationis

208 1935 317 2000 verba
338 1934 414 2000 baec
433 1936 513 2000 sunt
531 1953 539 1997 :
558 1935 605 1999 Et
621 1950 689 2018 quo
708 1935 864 2016 fectitas
879 1936 1047 2001 veterani
1067 1937 1186 2002 nostri
1204 1953 1263 2001 so-

206 2067 308 2118 ceros
326 2050 532 2132 repertoot,
554 2029 635 2116 illos
647 2068 785 2135 qaoque
800 2068 891 2117 novo
903 2051 1103 2136 privilegio
1120 2051 1262 2119 sollici-

207 2167 376 2257 tobtmus,
404 2169 445 2231 ut
472 2183 562 2232 avus
582 2170 754 2248 nepotum
771 2185 819 2232 eae
841 2171 1013 2233 veterano
1030 2168 1262 2249 praetoriano

206 2284 393 2360 aetorum,
413 2281 545 2346 iisdem
566 2281 764 2347 contraeatis
787 2282 934 2347 aeratae
957 2300 1084 2348 eorum
1103 2285 1263 2364 fruatur

206 2397 334 2482 quibus
345 2398 554 2479 frueretur,
567 2398 601 2463 st
616 2397 840 2464 eossboberet
853 2417 900 2464 erc
910 2399 1024 2481 nitor.
1043 2421 1059 2460 »
1076 2399 1174 2464 Hanc
1190 2397 1263 2465 fere

209 2498 312 2580 unam
335 2510 428 2600 juris
453 2511 760 2596 commutationem
788 2511 937 2580 militum
960 2513 1079 2598 gratia
1102 2511 1260 2594 admisit,

207 2627 367 2715 quamvis
383 2626 660 2728 frequentissime
677 2629 722 2695 ab
739 2627 818 2695 aliis
834 2628 922 2696 talia
935 2628 1124 2716 privilegia
1139 2630 1264 2697 daren-

207 2746 278 2827 tur,
306 2763 367 2812 seu
395 2743 462 2811 sibi
478 2743 614 2811 animos
637 2743 787 2811 militum
813 2744 1000 2813 conciliare
1026 2746 1172 2828 vellent,
1201 2764 1263 2814 seu

207 2859 287 2947 ipsa
302 2859 393 2927 ratio
404 2858 498 2947 juris
512 2859 648 2928 romani
663 2859 699 2926 in
715 2859 849 2946 aliquot
863 2859 1002 2927 casibus
1017 2859 1053 2927 id
1069 2859 1261 2946 exigereti.

232 3099 250 3181 §
274 3096 309 3163 8.
326 3131 368 3145 -
387 3097 440 3162 De
454 3099 547 3178 jore
568 3096 664 3181 qood
686 3113 786 3197 oenc
812 3096 1010 3180 «petatium
1029 3119 1045 3158 ›>
1072 3100 1238 3164 nocetur.

250 3263 387 3360 Horum
400 3292 587 3358 verborum
598 3291 703 3374 juris
710 3291 877 3375 pentima
893 3292 985 3377 apud
1001 3295 1177 3359 Romanos
1194 3309 1263 3358 non

208 3408 331 3476 eadem
345 3405 557 3494 significatio
572 3410 650 3473 erat
663 3397 769 3492 atque
785 3407 879 3493 apud
892 3407 1117 3475 recentiores.
1136 3406 1263 3484 «Quod

244 3602 269 3659 l.
290 3606 331 3658 De
346 3600 435 3659 milit.
451 3601 575 3658 testam.
592 3601 655 3658 vid.
670 3602 690 3658 I.
704 3601 730 3670 3,
746 3599 792 3670 28,
805 3602 851 3672 D,
866 3599 912 3671 29,
929 3601 953 3657 l.

242 3687 268 3745 Ξ.
294 3690 386 3744 Vatis.
403 3691 533 3756 Frapm.
552 3685 611 3742 195.
669 3755 670 3760 ἵ
1268 3755 1270 3760 Α

242 3773 270 3830 3.
289 3775 370 3830 Iuris
385 3789 522 3830 errorem
542 3770 692 3828 militibus
713 3787 773 3828 non
792 3773 933 3830 nocuisse
947 3771 1053 3829 notum
1071 3773 1129 3830 est.
1143 3775 1265 3829 «Arma

208 3860 307 3926 magis
329 3872 419 3928 quam
434 3859 509 3928 jnra
536 3857 694 3929 [eoslscire
715 3857 945 3915 sacratissimus
970 3859 1131 3928 legislator
1153 3859 1262 3916 existi-

208 3943 316 3999 mavit.
337 3960 353 3997 >›
378 3944 407 3999 L.
431 3941 476 4010 22,
500 3943 570 3999 (lod.
592 3943 683 4010 Just,
704 3943 830 4008 dejure
851 3945 1054 4009 deliberandi,
1074 3941 1101 4014 6,
1120 3942 1170 4010 3ος
1191 3943 1212 3998 l.
1238 3942 1263 4012 l,

209 4030 294 4098 ibid,
307 4032 345 4084 de
352 4030 440 4095 juris
452 4032 481 4084 et
492 4027 572 4094 faeti
585 4029 684 4096 tenor.
703 4026 726 4097 l,
739 4026 781 4083 18.
797 4044 812 4082 ‹<
823 4028 955 4084 Credunt
967 4028 1105 4098 plerique
1118 4028 1262 4084 militari-

211 4114 266 4171 bus
284 4114 416 4182 iugeniis
440 4113 643 4170 subtilitatem
663 4114 783 4186 deesse;
810 4113 882 4182 quia
903 4114 1070 4170 cestrensis
1087 4113 1276 4184 jurisdictio

210 4211 318 4254 secura
335 4201 368 4256 et
383 4199 532 4268 obtusior,
548 4213 583 4254 ac
602 4199 692 4273 plura
711 4214 804 4257 manu
822 4212 918 4272 agens
932 4197 1107 4258 callidatem
1126 4197 1185 4258 fori
1205 4211 1265 4258 nou

214 4285 396 4341 exerceat»
410 4284 508 4342 Tacit.
522 4287 623 4354 Aera.
636 4283 664 4342 9.
