3128 4962
612 405 655 452 nu
679 404 765 452 uuae
788 404 906 452 crvun.
1246 383 1286 450 91

230 529 361 608 terant,
378 525 453 594 sine
470 525 618 594 tuitione
634 528 835 594 manebant.
851 527 950 602 Quod
967 545 1049 594 mox
1064 525 1288 594 manifestum

228 642 305 709 fuit.
338 645 407 710 Lex
436 634 604 710 Plaetoria
631 643 827 728 quaedamt,
862 643 934 708 lata
961 641 1083 727 ignoto
1111 649 1286 728 tempore,

228 778 333 844 quam
352 764 468 826 tamen
485 758 603 825 Plauti
620 764 777 844 tempore
793 757 968 826 exstitisse
984 765 1114 825 certum
1133 765 1198 838 est,
1217 761 1289 827 cir·

227 875 469 958 crrmscriptos
492 874 644 942 minores
677 873 800 958 viginti
818 874 970 960 quinque
998 874 1098 941 annis
1126 877 1170 941 ab
1193 875 1288 942 omni

225 992 354 1058 damno
382 989 637 1076 perjudicium
663 989 839 1076 publicum
869 991 1061 1067 defendit23
1095 989 1144 1074 iis
1170 997 1286 1056 autem

224 1106 324 1173 licuit
343 1111 542 1174 curatorem
568 1115 687 1192 petere
710 1106 995 1194 quotiescumque
1022 1107 1198 1190 negotium
1219 1107 1287 1173 ali-

225 1221 317 1308 quod
340 1241 467 1307 gerere
488 1223 630 1288 vellent.
651 1223 783 1298 Quibus
803 1227 935 1307 praetor
953 1241 1090 1308 quoque
1107 1222 1186 1289 dein
1207 1242 1287 1290 suc-

225 1338 337 1406 currit
350 1357 414 1424 per
432 1341 473 1403 tn
493 1339 678 1422 integrum
698 1340 982 1404 restitutionem.

270 1456 361 1522 Ante
381 1457 535 1520 Marcum
561 1453 670 1538 igitur
690 1473 757 1521 non
781 1461 901 1520 omnes
922 1454 1203 1540 vigintiquinque
1222 1475 1287 1522 an-

225 1572 279 1638 nis
301 1570 455 1638 minores
472 1574 670 1637 curatorem
694 1570 892 1650 habebant;
912 1590 989 1638 cum
1013 1573 1195 1653 haberent,
1217 1572 1286 1639 ha-

224 1689 356 1755 bebant
387 1706 451 1774 pro
480 1696 575 1754 certo
605 1686 765 1772 negotio,
797 1706 864 1755 non
897 1692 1067 1773 perpetuo
1104 1706 1211 1773 usque
1241 1689 1286 1755 ad
1395 1786 1397 1791 Ι

225 1804 365 1889 elapsos
390 1802 515 1886 viginti
540 1803 693 1888 quinque
713 1821 843 1882 annos;
872 1815 1072 1869 curatorum
1097 1823 1287 1872 consensus

225 1920 398 1987 rariorem
421 1919 560 2004 quidem
578 1919 613 1985 in
631 1919 807 2003 integrum
825 1919 1077 1986 restitutionem
1098 1920 1284 2003 efficiebat,

225 2054 295 2102 non
311 2036 452 2110 omnino
473 2034 697 2121 impediebat.

269 2151 487 2237 Capitolinus
511 2154 627 2217 autem
652 2149 804 2216 scribit:
831 2174 847 2211 «
871 2153 918 2218 De
940 2151 1165 2218 curatoribus
1190 2171 1285 2234 vern,

222 2271 403 2335 comante
427 2266 564 2332 nonnisi
586 2286 628 2333 ex
652 2266 730 2350 lege
755 2265 907 2333 Laetoria
928 2268 983 2333 vel
1009 2273 1155 2354 propter
1177 2269 1286 2335 lasci-

222 2383 316 2449 viam
340 2384 394 2450 vel
422 2389 567 2470 propter
589 2383 801 2450 dementiam
823 2385 1003 2466 darentur,
1028 2384 1079 2451 ita
1101 2385 1225 2451 statuit
1246 2390 1286 2452 ut

223 2518 345 2566 omnes
386 2501 509 2566 adulti
543 2504 739 2567 curatores
776 2501 988 2582 acciperent
1020 2520 1093 2566 nort
1126 2503 1287 2568 redditis

223 2617 346 2684 causis
356 2617 380 2682 ³.
399 2640 415 2677 »
440 2620 602 2682 Attamen
628 2614 663 2680 in
689 2615 877 2683 tustiniani
896 2616 1175 2683 institutionibus
1197 2618 1286 2701 tegi-

222 2752 300 2799 mus
319 2753 327 2798 :
351 2756 367 2793 «
386 2736 477 2799 Item
497 2734 610 2799 taciti
628 2734 871 2800 adolescentes
886 2738 1078 2801 curatores
1095 2753 1168 2800 nou
1183 2735 1285 2801 occi-

218 2851 348 2932 piunt,
382 2852 617 2934 praeterquam
647 2848 681 2914 in
707 2848 869 2916 iitemt...
897 2874 913 2911 »
942 2852 984 2915 Et
1017 2851 1081 2916 hoc
1115 2869 1136 2916 a
1166 2849 1284 2916 multis
1381 2889 1386 2898 ·

222 2965 466 3032 confirmatum
491 2963 661 3031 videmus
680 2963 899 3051 Papinianus
922 2963 1014 3031 enim
1032 2964 1154 3033 scribit
1179 2992 1196 3027 <r
1217 2965 1284 3031 mi-

223 3080 366 3147 noribus
383 3079 520 3147 nonnisi
537 3079 819 3147 desiderantibus
835 3084 1017 3147 curatores
1034 3080 1111 3147 dari
1127 3081 1240 3149 solere
1249 3103 1281 3160 »;

221 3195 437 3264 Modestinus
475 3219 491 3256 «
520 3214 590 3262 non
625 3195 732 3263 licere
764 3195 844 3263 aliis
879 3201 1059 3263 curatores
1090 3196 1284 3264 minoribus

222 3319 360 3400 petere,
385 3312 446 3379 sed
469 3311 664 3380 minoribus
691 3312 777 3399 ipsis
804 3315 977 3379 tantum5.
1008 3341 1021 3371 u
1050 3316 1286 3400 Imperatores

222 3428 459 3496 Diocletianus
481 3432 516 3495 et
535 3426 772 3496 Maximianus
788 3428 917 3496 minori
933 3429 1072 3497 cuidam
1088 3429 1286 3499 rescribunt

259 3760 283 3816 i.
304 3761 349 3817 lta
369 3761 401 3816 in
419 3760 483 3817 tab.
507 3761 626 3817 Heracl.
653 3762 812 3818 nominata
834 3762 899 3834 est3
922 3761 1004 3834 apud
1024 3763 1167 3819 auctores
1188 3763 1283 3819 etiam

225 3846 400 3918 appellatur
413 3849 564 3913 Lector-ta¹
573 3847 623 3902 vel
637 3849 784 3904 Loetorio.

256 3928 282 3985 2.
304 3933 345 3986 De
362 3931 419 3986 hac
435 3932 502 3999 iege
516 3931 579 3987 vid.
596 3933 750 4002 AccariaS,
766 3948 813 4001 op.
829 3934 891 4002 cit,
908 3933 929 3999 Ι,
947 3931 1005 3988 168.

257 4014 284 4071 3.
304 4018 343 4071 Μ.
361 4019 429 4072 Ant.
447 4018 528 4072 Pbtt.
547 4014 589 4072 10.

258 4098 284 4154 d.
308 4101 419 4169 instit,
437 4103 457 4167 1,
474 4099 518 4168 23,
535 4099 548 4164 S
563 4099 589 4156 2.

256 4182 283 4240 s.
304 4186 334 4242 u.
359 4185 401 4253 rs,
417 4185 430 4251 t
445 4185 472 4256 a,
494 4187 538 4257 n,
554 4189 593 4242 ae
615 4188 680 4244 ror.
701 4190 777 4256 aar„
794 4185 838 4258 m,
858 4184 926 4262 531.
947 4165 978 4260 i,
995 4188 1023 4254 ss
1038 4186 1054 4246 t
1072 4188 1103 4244 et
1117 4185 1144 4256 s,
1165 4189 1209 4258 n,
1227 4187 1285 4250 cor

221 4274 281 4340 pet.
297 4274 361 4342 tut,
376 4269 419 4337 26,
435 4269 461 4327 6.
