3128 4962
546 410 549 415 ¹
595 351 639 400 us
662 307 747 400 vunn
771 351 890 400 c1v1n1.
1231 329 1274 398 73

214 477 306 545 sulto
323 469 566 543 confirmatum
584 473 661 556 fuit,
681 472 731 540 ita
748 481 785 541 ut
796 473 872 560 Jam
884 473 977 561 juris
988 471 1101 542 civilis
1117 491 1201 560 pars
1213 472 1273 561 jus

214 592 467 682 praetorianum
485 597 576 658 essct
590 594 610 656 ¹.
626 594 674 657 De
691 591 794 677 hujus
812 590 921 658 Edicti
937 591 970 656 vi
991 597 1025 658 et
1044 590 1146 657 bodie
1159 589 1273 677 dispu-

213 714 322 787 tatur,
338 712 372 774 et
389 725 508 773 errare
529 706 613 772 mibi
630 707 792 773 videntur
807 706 866 792 qui
886 707 1075 792 opinantur
1092 709 1164 772 tum
1177 705 1273 772 edic-

214 829 286 892 tum
309 843 373 911 pro
394 822 486 890 omui
507 842 583 890 aevo
605 821 654 888 ita
671 823 866 888 absolutum
895 822 1000 888 fnisse
1025 828 1063 888 ut
1081 821 1166 887 nihil
1189 820 1272 887 addi

213 945 274 1008 aut
296 941 400 1006 latius
424 938 609 1026 explanari
631 939 756 1006 deinde
778 944 905 1025 posset.
926 942 986 1005 Jus
1010 937 1168 1005 edicendi
1192 939 1272 1023 pust

211 1058 429 1125 Hadrianum
454 1058 683 1142 magistratus
709 1057 831 1144 populi
859 1075 1041 1124 romanum
1073 1057 1271 1123 servavisse

212 1174 321 1242 Gaius
337 1177 520 1254 vestatura,
543 1168 584 1240 'at
606 1173 822 1240 solummodo
846 1193 924 1259 quae
944 1174 1106 1242 deessent
1128 1172 1270 1258 explere

211 1310 273 1359 eos
293 1291 420 1359 abhinc
438 1291 594 1378 potuisse
611 1290 801 1358 verisimile
818 1293 906 1358 est-⁹³.

254 1407 390 1475 Jamdiu
415 1407 675 1494 provinciarum
705 1407 874 1494 praesides
886 1406 998 1474 'veluti
1025 1409 1148 1474 Romae
1175 1425 1269 1492 prae-

209 1529 304 1593 tores
325 1524 385 1612 jus
410 1524 564 1592 edicendi
597 1526 788 1606 habebant,
815 1545 963 1611 quorum
994 1524 1144 1592 edictum
1169 1522 1268 1590 dice-

209 1643 314 1709 batur
331 1643 576 1725 proot'ncicle.
590 1642 641 1706 Ad
659 1643 840 1727 exemplar
857 1641 966 1708 Edicti
986 1640 1147 1727 perpetui
1166 1640 1267 1707 Edic—

207 1762 280 1826 tuvn
301 1758 534 1845 provinciale,
558 1757 633 1826 sine
654 1758 759 1825 dubio
785 1778 806 1824 a
829 1761 956 1826 Senatu
981 1760 1265 1845 comprobatum,

207 1877 346 1942 Marcus
367 1874 562 1940 Antoninus
586 1875 806 1942 constituisse
824 1875 963 1942 dicitur.
987 1874 1086 1950 tluod
1112 1892 1179 1940 non
1202 1892 1266 1960 pro

207 1997 303 2059 certo
323 1990 503 2058 affirmare
527 1989 666 2057 ausim:
689 2011 758 2058 non
787 1995 903 2058 tamen
931 1990 1154 2073 incredibile,
1189 2009 1266 2056 cum

208 2109 315 2178 Gaius
338 2111 381 2176 ad
407 2109 564 2175 Edictum
589 2109 806 2194 provinciale
831 2108 1125 2176 commentarium
1151 2107 1265 2194 scrip-

206 2225 303 2303 serit,
324 2225 426 2292 bodie
442 2219 510 2291 non
530 2232 738 2292 exstantem.
762 2225 903 2311 Aliquot
919 2225 1109 2311 scriptores
1127 2224 1264 2309 quidem

204 2349 331 2429 putant
349 2341 408 2429 jus
426 2341 642 2428 provinciale
659 2341 692 2407 in
715 2341 792 2428 ipso
818 2341 936 2410 Edicto
962 2346 1132 2428 perpetuo
1150 2340 1265 2407 inclu-

95 2484 100 2492 ·
205 2479 280 2527 sum
299 2460 404 2527 fuisse
423 2480 430 2525 :
449 2459 561 2526 libera
576 2458 778 2545 conjectura
797 2462 850 2525 est
861 2458 887 2526 l.

250 2576 304 2643 Ad
319 2575 379 2662 jus
396 2575 498 2643 civile
518 2577 582 2643 sub
604 2577 719 2642 Marco
740 2574 883 2641 Aurelio
901 2575 1100 2642 accuratius
1122 2576 1263 2662 perlus-

203 2863 378 2920 «Edictum
402 2865 433 2919 in
458 2864 595 2920 ordinem
620 2866 792 2937 composuit
814 2865 892 2935 quod
907 2866 995 2922 varie
1017 2864 1263 2935 inconditoquea

168 2963 176 2976 ·
203 2949 389 3019 praetoribus
400 2950 608 3020 promebatur.
626 2967 641 3003 >›
657 2979 690 2990 -
706 2951 829 3021 Eutrop.
846 2964 912 3016 vin,
934 2950 976 3007 ll.
1005 2979 1039 2990 -
1060 2951 1171 3005 Parum
1191 2948 1262 3004 fidei

203 3033 326 3088 Aurelio
340 3034 454 3089 Victori
479 3034 651 3091 addendum
666 3034 809 3103 fatemur,
830 3035 966 3090 Salvium
987 3035 1140 3090 lulianum
1158 3035 1258 3104 juris·

206 3118 377 3176 consultum
395 3134 411 3174 a
428 3119 514 3174 Didio
528 3120 647 3175 tuliano
663 3120 849 3190 imperatore
865 3135 924 3176 non
939 3119 1153 3189 distinguenti.

239 3203 263 3258 l.
283 3204 378 3260 Aulus
393 3203 497 3260 Ofilius
511 3206 654 3275 primum,
674 3205 754 3260 teste
774 3206 939 3276 Pomponio
961 3207 1096 3260 edictum
1111 3205 1260 3273 praetoris

201 3288 367 3356 dilipenter
383 3294 606 3356 composuerat,
626 3289 678 3344 sed
699 3289 813 3345 nullam
824 3290 905 3358 juris
919 3290 982 3345 vim
999 3289 1065 3359 ejus
1081 3302 1157 3359 opus
1172 3301 1258 3342 rece·

200 3383 299 3444 perat,
315 3375 344 3428 L.
358 3372 375 3427 2
390 3372 403 3437 S
418 3371 462 3437 ll,
478 3375 523 3441 D.‚
539 3377 577 3428 de
596 3375 787 3443 Oripjuris.
804 3373 830 3442 ἲ,
852 3372 895 3429 ll.

235 3456 261 3512 2.
286 3459 413 3526 Contra„
429 3458 451 3524 l,
465 3456 482 3512 6

235 3542 260 3598 3.
282 3546 323 3598 De
338 3544 386 3599 bis
400 3545 595 3614 perobscuris
611 3545 673 3600 vid.
695 3547 815 3615 Maynz‚
840 3546 936 3601 Ccurs
954 3547 991 3600 de
1013 3546 1100 3600 Droit
1118 3546 1258 3608 romain,

200 3627 213 3693 S
231 3627 296 3698 l87;
314 3629 466 3697 decurias,
482 3628 590 3684 Pre'ev's
604 3633 642 3684 de
657 3633 895 3696 brottebecum,
911 3629 924 3692 S
939 3629 982 3685 20.

234 3711 260 3768 l.
281 3730 297 3766 «
313 3713 410 3770 Ueber
435 3714 502 3769 eine
530 3716 865 3783 Zussammenstellung
893 3714 948 3769 der
982 3713 1256 3769 Provincialedicte

199 3797 265 3868 gibt
273 3813 306 3855 es
317 3813 402 3854 zwar
411 3799 503 3854 keine
513 3799 716 3855 Nacbricbten
724 3815 732 3870 ;
746 3800 822 3855 doch
836 3800 920 3855 laesst
930 3800 994 3877 sich
1006 3799 1174 3867 begreir'en,
1184 3798 1257 3854 dass

199 3883 347 3940 nacbdem
365 3884 396 3939 in
417 3884 511 3940 Lause
530 3884 585 3940 der
608 3885 674 3940 Zeit
696 3885 744 3940 die
766 3885 984 3941 Verbaeltnisse
1006 3884 1061 3940 der
1085 3885 1257 3940 Provinzen

198 3969 271 4026 sehr
287 3970 471 4039 pleicnartig
487 3969 650 4036 geworden
667 3970 852 4036 waren,ss1r
873 3969 917 4026 sle
939 3969 1032 4025 leicht
1051 3970 1100 4024 ein
1122 3969 1256 4037 gemein-

199 4049 397 4107 sobaltliclres
420 4052 507 4107 Edict
526 4052 661 4120 gebildet
681 4053 803 4106 werden
827 4052 954 4120 konnte‚
974 4053 1042 4118 <Der
1063 4053 1257 4106 commentar

198 4132 252 4188 des
268 4137 360 4206 Gajus
380 4137 416 4192 ad
439 4140 574 4192 edietum
590 4141 786 4206 provinciale
808 4139 887 4194 setzt
908 4139 957 4193 ein
981 4138 1098 4194 solcbes
1119 4138 1254 4205 gemein-

197 4221 397 4280 schaftlicbes
413 4223 500 4280 Edict
514 4228 650 4292 vorans)
666 4241 682 4279 »
697 4224 829 4295 Walter,
845 4238 893 4296 op.
908 4225 960 4282 cit.
972 4237 1005 4294 11,
1020 4238 1050 4297 p.
1067 4222 1111 4295 lo,
1127 4221 1171 4279 27.

1315 4382 1429 4475 ,μ’
