3128 4962
312 416 395 493 Ι102
705 445 791 492 runs
815 445 1014 494 posrmuon.

371 570 567 652 Postremo,
583 572 620 636 ut
634 567 734 636 docet
749 568 931 655 Ulpianus,
949 571 1015 635 «D.
1036 571 1175 636 Marcus
1192 568 1243 636 ita
1259 567 1392 636 edixit:

329 663 502 750 creditor
530 685 595 769 put
621 685 663 750 ob
691 686 962 752 restitutionem
990 686 1240 769 aedificiorum
1262 686 1395 753 credi-

325 787 437 879 derit,
457 801 499 866 in
511 802 673 882 pecnnia
689 819 770 887 quoe
785 802 932 868 credito
946 803 1031 882 erit,
1047 802 1290 887 praereptum
1305 802 1394 869 emi-

322 917 435 998 nendi
469 909 615 984 babebit
644 917 774 1002 :quod
809 917 854 984 ad
883 936 961 984 eum
988 936 1125 1004 qnoque
1154 916 1308 1004 pertinet
1330 918 1396 1003 qui

324 1031 557 1119 redemptori,
589 1033 728 1100 domiuo
753 1033 961 1117 mandante,
988 1033 1175 1121 pecuniam
1201 1033 1395 1101 subminis-

324 1147 470 1214 traviil.
491 1173 506 1209 »
527 1186 569 1198 -
586 1147 785 1217 Humanum
804 1150 897 1217 enim
919 1152 973 1217 est
995 1155 1030 1217 et
1051 1149 1205 1218 maxime
1229 1150 1395 1237 aequitati

325 1264 535 1332 conveniens
556 1283 635 1332 eum
662 1265 721 1351 qui
740 1265 776 1332 in
795 1265 1008 1353 patrimonio
1037 1264 1205 1334 debitoris
1228 1284 1302 1333 rem
1321 1264 1394 1332 ali-

324 1400 429 1467 quam
447 1381 642 1448 servaverit
659 1382 714 1449 vel
729 1382 909 1450 meliorem
927 1382 1049 1450 fecerit
1060 1381 1095 1448 in
1109 1381 1185 1469 ejus
1201 1381 1254 1449 rei
1270 1379 1390 1468 pretio

325 1496 404 1564 aliis
420 1497 652 1565 creditoribus
673 1498 847 1586 praeferri.
872 1502 1017 1587 Insuper
1033 1500 1224 1566 notandum
1242 1505 1295 1566 est
1314 1500 1393 1566 Ro-

324 1633 447 1682 manos
463 1613 692 1699 singulariter
715 1618 754 1680 ut
776 1613 863 1681 nihil
879 1614 916 1681 in
933 1613 1091 1683 aedificiis
1107 1613 1185 1682 vitii
1202 1597 1294 1684 esset
1308 1620 1392 1682 stu-

324 1729 479 1799 duisse2.

632 1968 701 2053 §a
722 2005 763 2017 -
781 1971 833 2035 Dc
851 1942 1075 2036 Actiontbus

366 2203 420 2269 Ad
445 2202 603 2291 ipsarum
633 2202 808 2270 actionum
830 2202 890 2290 jus
918 2203 1195 2289 componendum
1226 2204 1389 2272 eamdem

323 2319 576 2387 humanitatem
595 2322 733 2387 Marcus
750 2319 910 2388 adhibuit
926 2325 1031 2406 atque
1050 2318 1085 2386 in
1104 2319 1183 2387 aliis
1193 2319 1287 2407 juris
1303 2338 1386 2407 par·

321 2434 426 2502 tibus.
449 2439 487 2503 In
500 2435 560 2523 jus
576 2436 695 2504 vocari
716 2435 826 2504 vetuit
844 2456 904 2503 eos
921 2435 980 2522 qui
995 2443 1170 2504 mortuum
1186 2456 1389 2524 proseque-

321 2555 485 2631 rentur³;
506 2551 613 2639 jussit
633 2552 740 2619 eliam
765 2552 919 2639 aliquam
941 2552 1012 2619 litis
1035 2551 1248 2620 delationem
1272 2553 1390 2640 accipi

319 2673 465 2757 propter
477 2669 607 2736 luctum
623 2668 725 2735 unius
741 2687 760 2736 e
776 2667 1014 2753 litigatoribus
1026 2667 1051 2734 4.

364 2789 544 2854 Praeterea
567 2785 610 2853 de
629 2778 926 2872 appellationibus
945 2781 1100 2869 plurima
1120 2785 1164 2852 ab
1185 2802 1226 2853 eo
1247 2782 1386 2852 consti-

322 2904 397 2969 tuta
415 2902 567 2970 luerunt.

364 3019 453 3084 Ante
484 3019 679 3102 Augustum
705 3015 898 3103 appellatio
922 3034 990 3082 non
1015 3014 1052 3081 in
1073 3034 1137 3083 usu
1165 3018 1254 3095 erat,
1285 3017 1385 3085 nullo

357 3293 381 3348 l.
401 3295 433 3348 L.
448 3291 497 3360 il,
521 3291 574 3358 Sl,
596 3294 641 3358 D.‚
656 3294 694 3346 de
715 3293 814 3360 Rebus
835 3295 916 3346 auct.
934 3291 1039 3356 judic.
1052 3305 1150 3360 poss,
1172 3290 1220 3360 ll,
1241 3289 1268 3346 5.
1286 3319 1321 3331 -
1336 3292 1387 3348 ci.

320 3380 339 3436 l.
359 3379 383 3449 l,
403 3380 442 3434 In
461 3379 569 3450 quibus
590 3378 693 3432 causis
711 3378 834 3444 pionica,
858 3375 902 3445 20,
925 3373 951 3430 2.
972 3375 1278 3432 «senatusconsulto
1299 3376 1384 3445 quod

320 3465 375 3521 sub
392 3465 494 3519 Marco
510 3462 697 3533 imperatore
713 3461 827 3517 factum
844 3463 902 3528 est,
917 3461 1030 3532 pignus
1046 3462 1154 3517 insulae
1166 3461 1313 3517 creditori
1330 3460 1386 3518 da·

318 3550 395 3619 tum,
418 3549 469 3618 qui
490 3547 651 3619 pecuniam
672 3547 710 3602 oh
732 3547 960 3602 restitutionem
978 3546 1097 3602 aedificii
1114 3545 1295 3603 exstruendi
1311 3561 1383 3602 mu-

318 3635 404 3689 tuam
420 3633 513 3701 dedit,
531 3631 569 3687 ad
584 3647 652 3686 eum
667 3645 785 3700 quoque
800 3632 966 3702 pertinebit
978 3632 1029 3701 qui
1043 3631 1241 3702 redemptori,
1255 3631 1383 3688 domino

319 3718 494 3784 mandante,
511 3731 650 3772 nummos
667 3715 868 3771 ministravit.
885 3732 901 3769 »
1048 3713 1051 3720 '

353 3800 379 3856 2.
400 3801 443 3856 Cf.
459 3799 528 3856 Cod.
545 3798 631 3854 Civil.
648 3799 764 3864 Gallie,
781 3803 839 3854 art.
857 3797 937 3870 alul,
954 3797 982 3852 hl
996 3800 1028 3853 et
1039 3797 1079 3854 5⁰.

353 3881 379 3937 3.
400 3883 431 3936 L.
445 3881 471 3950 3,
487 3883 531 3948 D.‚
547 3885 584 3936 de
601 3883 634 3936 iu
648 3884 702 3936 Jus
715 3897 791 3947 coo,
807 3881 833 3951 l,
851 3880 875 3937 l.

353 3965 380 4022 l.
400 3983 416 4020 «
427 3966 494 4021 Divi
508 3968 630 4021 Fratres
642 3966 674 4020 in
689 3968 753 4022 lraec
766 3967 863 4022 verba
877 3966 1121 4036 rescripserunt:
1137 3967 1308 4022 Humanum
1322 3967 1385 4037 est,

317 4051 444 4123 proptor
464 4051 610 4106 fortuitos
631 4065 720 4106 casus
741 4051 920 4106 dilationem
942 4051 1048 4122 accipi,
1073 4051 1169 4107 veluti
1193 4051 1272 4121 quod
1291 4055 1386 4122 pater

319 4136 459 4205 litigator
470 4135 566 4190 lilium
582 4135 632 4190 vel
647 4136 752 4205 filiam,
769 4135 819 4191 vel
834 4151 912 4191 uxor
926 4136 1039 4204 virum,
1056 4135 1106 4191 vel
1120 4135 1201 4192 lilius
1218 4137 1385 4209 parentem

319 4222 434 4292 amisit,
450 4223 483 4277 et
495 4221 527 4277 in
542 4221 695 4278 similibus
711 4221 813 4276 causis
828 4220 1034 4288 cognitionem
1053 4220 1092 4277 ad
1107 4221 1240 4290 aliquem
1255 4220 1382 4277 modum

319 4307 476 4364 sustineri.
492 4323 508 4361 »
523 4308 554 4363 L.
570 4304 614 4376 36,
630 4308 676 4377 D.‚
691 4308 729 4361 de
743 4306 887 4372 Judicits,
905 4303 932 4375 5,
951 4305 973 4361 l.
