3114 4958
580 413 622 460 nn
643 411 729 462 June
752 412 909 461 eunuco.
1234 389 1274 458 15

213 531 376 602 omnibus
396 533 491 601 illius
514 533 669 602 consiliis
694 533 920 608 adhiberetur
950 531 1042 600 etin
1067 531 1271 618 reipublicae
1338 507 1340 514 Ι

212 649 436 728 consortione
469 651 573 718 esset.
608 652 693 716 Post
725 652 872 716 mortem
904 646 1017 738 patris
1047 647 1272 735 ejusdemque

212 764 338 850 optimi
353 763 541 851 principis,
563 763 657 832 illius
675 765 871 852 exemplum
892 763 1041 831 fideliter
1062 767 1202 832 secutus
1219 768 1273 831 est
1332 773 1333 777 ’

212 883 336 967 utpote
364 879 424 966 qui
454 879 670 948 difficillimae
698 879 894 966 imperandi
922 879 992 946 arti
1011 878 1150 966 Jamdiu
1178 882 1273 946 esset

213 993 448 1080 assuefactus,

259 1111 343 1176 Haec
370 1109 413 1176 de
439 1108 611 1178 divisione
635 1107 786 1196 imperii.
816 1109 982 1176 -Nunc
1010 1107 1272 1194 disquirendum

214 1243 284 1310 quo
308 1243 403 1292 more
426 1227 564 1290 Marcus
585 1243 674 1310 erga
693 1223 923 1310 magistratus
951 1223 1161 1309 ordinesque
1187 1221 1276 1290 civi·

213 1339 301 1406 tatis
327 1357 364 1406 se
390 1337 551 1424 gesserit.
581 1343 611 1408 A
639 1338 917 1428 praeceptoribus
938 1337 1056 1406 odium
1078 1336 1276 1424 tyrannidis

215 1461 404 1540 acceperat
431 1473 440 1518 ι
469 1477 485 1514 «
511 1447 542 1522 Α
565 1451 760 1536 Frontone,
787 1452 918 1538 inquit,
946 1453 1051 1521 didici
1076 1452 1277 1538 intelligere

215 1570 331 1658 qualis
346 1569 392 1638 sit
408 1561 638 1654 tyrannorum
655 1574 690 1636 et
704 1568 913 1650 invidentia,
932 1574 967 1636 et
983 1568 1151 1647 versutia,
1169 1572 1208 1665 wet
1224 1567 1277 1634 si·

214 1685 405 1753 mulatio...
426 1688 495 1752 Per
519 1685 676 1753 eumdem
700 1687 893 1766 [Severum]
919 1687 1129 1766 Thraseam,
1152 1684 1276 1754 Helvi-

215 1801 331 1883 dium,
358 1802 544 1883 Catonem,
572 1805 718 1869 Brutum
744 1800 892 1886 cognovi
923 1805 958 1868 et
983 1801 1100 1868 animo
1132 1798 1277 1886 concepi

214 1916 407 2001 imaginem
430 1917 634 2004 reipublicae
654 1915 787 1998 liberae,
801 1915 842 1986 ,in
862 1935 932 2002 qua
950 1915 1060 2004 aequis
1082 1916 1219 2002 legibus
1241 1922 1276 1982 et
1306 1953 1307 1957 =
1345 1901 1353 1937 ²

214 2031 338 2098 eodem
353 2029 436 2118 jure
443 2030 571 2098 omnia
585 2030 932 2114 administrarentur,
951 2037 986 2100 et
1000 2031 1102 2117 regni
1116 2031 1208 2118 quod
1228 2030 1275 2098 ei-

215 2147 312 2214 vium
334 2147 533 2216 libertatem
557 2147 712 2216 omnium
733 2146 878 2214 maximi
902 2147 1092 2217 aestimet...
1114 2149 1206 2216 Cave
1229 2165 1272 2214 ne

213 2262 252 2329 in
271 2281 388 2356 mores
404 2281 578 2331 caesareos
602 2263 811 2348 degeneres,
833 2281 876 2330 ne
899 2262 1130 2331 inficiarist...
1152 2287 1168 2326 »
1193 2264 1276 2330 Inde

213 2377 376 2470 concludi
411 2377 522 2465 possit
555 2354 649 2466 quod
670 2377 905 2465 'Capitolinus
935 2379 977 2446 de
1003 2397 1044 2446 eo
1074 2381 1256 2447 memorat:

218 2518 235 2555 «
259 2496 320 2560 Jus
345 2493 462 2581 potius
484 2493 667 2580 antiquum
691 2493 843 2562 restituit
865 2514 969 2581 quam
991 2495 1273 2563 novum-consti-

200 2593 318 2676 'tuna
347 2632 363 2670 »
393 2609 592 2685 Quinetiam
614 2609 691 2696 ipse
715 2591 872 2678 scribit:
903 2636 919 2672 ι
947 2611 1044 2678 Finis
1070 2611 1275 2679 animalium

213 2723 355 2791 ratione
369 2724 599 2810 praeditorum
617 2731 670 2793 est
689 2726 785 2794 urbis
801 2730 837 2794 et
852 2725 1006 2796 civitatis
1023 2727 1278 2814 antiquissimae

213 2839 346 2916 rationi
361 2847 397 2908 et
410 2839 482 2926 legi
498 2824 667 2928 obsequi3
677 2855 714 2924 υ,
727 2847 763 2909 et
778 2841 880 2914 Pium
894 2844 1018 2912 laudat
1034 2844 1128 2930 quod
1148 2863 1276 2912 «more

213 2955 392 3044 majorum
411 2957 530 3025 omnia
550 2957 681 3044 egerit,
706 2977 752 3026 ne
770 2960 858 3028 illud
874 2960 1145 3048 quidem-ipsum
1167 2961 1278 3030 affec-

213 3079 296 3142 tans
316 3079 354 3142 ut
376 3093 509 3143 morem
529 3074 704 3163 maiorum
724 3095 868 3145 servare
888 3077 1095 3146 videreturi.
1121 3102 1138 3140 »
1161 3058 1289 3170 Nemo·

212 3191 359 3276 ignorat
374 3198 508 3277 quanta
524 3192 619 3280 apud
631 3173 809 3264 Romanos
823 3193 930 3261 moris
945 3193 1118 3281 majorum
1134 3179 1280 3283 semper

214 3307 410 3374 auctoritas
431 3307 548 3391 suerit,
572 3327 637 3378 nec
653 3289 851 3377 mirandum
870 3309 901 3377 si
918 3309 1017 3380 illum
1035 3312 1173 3379 Marcus
1190 3329 1275 3397 per-

254 3567 277 3624 ί.
304 3591 314 3616 ν
331 3569 562 3640 ίίαρὲΦρόντωνος,
577 3570 607 3622 τὸ
618 3566 756 3636 ἐπιστῆσαι,
768 3567 830 3636 οίαῆ
840 3569 965 3641 τυραννικὴ
977 3569 1102 3640 βασκανία,
1112 3571 1153 3622 καὶ
1162 3563 1282 3642 ποικιλία,

211 3653 254 3704 καί
267 3653 427 3724 ὑπόκρισις...
441 3653 486 3710 Καί
500 3654 529 3708 τ“ο
541 3651 577 3704 δι’
590 3654 660 3706 αὐτον
675 3660 765 3724 γνῶναι
779 3654 898 3726 Θρασέαν,
913 3653 1045 3720 Ἐλὸίδιον,
1061 3656 1173 3725 Κάτωνα,
1190 3655 1283 3724 Δίωνα,
1354 3672 1357 3678 ·

212 3740 330 3808 Βροῦτον,
343 3740 383 3791 καί
398 3739 527 3810 φαντασίαν
539 3739 621 3790 λαὸεἴν
637 3737 759 3799 πολιτείας
774 3737 900 3809 ἰσονόμου,
915 3739 976 3792 κατὰ
990 3738 1090 3806 ἰσότητα
1103 3741 1143 3792 καί
1158 3741 1283 3814 ἰσηγορίαν

212 3825 387 3896 διοικουμένης,
400 3825 441 3876 καί
456 3823 575 3894 βασιλείας
588 3825 697 3894 τιμώσης
709 3827 805 3877 πάντων
821 3825 926 3895 μάλιστα
939 3824 982 3892 τὴν
998 3823 1128 3896 ἐλευθερίαν
1142 3832 1190 3881 τῶν
1206 3828 1284 3906 ἀμχο.

213 3909 329 3982 μένων...
340 3909 415 3980 Ὅμα,
428 3907 461 3980 μὴ
471 3909 681 3980 ἀποκαισαμῶίίης,
699 3907 731 3980 μὴ
746 3909 829 3981 βαφῇς.
842 3931 854 3957 υ
871 3907 1026 3982 Ἐιςὲαυτόν,
1039 3911 1061 3981 1,
1072 3910 1114 3983 11,
1126 3909 1168 3981 14,
1175 3912 1222 3982 VI,
1231 3911 1278 3969 30.

251 3993 279 4050 2.
299 3996 340 4049 M.
356 3983 429 4050 Ant.
444 3994 526 4050 Phil.
546 3992 587 4048 11.

229 4093 233 4098 ’
251 4085 278 4136 3.
300 4080 400 4140 «Τέλος
417 4078 443 4131 δὲ
457 4079 562 4151 λογικῶν
577 4081 659 4145 ζώων,
672 4079 701 4134 τὸ
718 4079 814 4133 ἕπεσθαι
829 4085 864 4150 τῷ
877 4085 920 4147 τῆς
938 4080 1032 4142 πόλεως
1046 4081 1086 4133 καί
1101 4081 1222 4143 πολιτείας
1240 4086 1283 4148 τῆς

213 4165 379 4237 πρεσὸυτάτης
392 4165 462 4236 λόγῳ
475 4184 515 4216 και
531 4165 622 4236 θεσμῷ.
638 4187 648 4214 ι·
669 4163 719 4226 Ἐις
733 4164 827 4235 ἔαυτόν,
841 4167 874 4235 ll,
891 4164 932 4220 16.
