3128 4962
577 417 621 463 nn
643 416 730 464 rnna
752 414 908 464 runnrco.
1227 393 1271 464 63

207 539 430 622 paucissimi
449 539 684 606 centuriones
703 538 825 622 cupite
846 542 961 605 esseut
977 537 1117 622 puniti.
1140 538 1194 606 lte
1213 534 1274 624 qui

210 653 398 723 rebellioni
414 672 559 721 cansam
576 653 765 736 dederant,
784 652 960 741 impuniti,
977 653 1036 740 qui
1053 653 1157 724 duces
1173 655 1275 722 erant

211 771 323 840 secuti
338 763 454 838 necati
471 772 563 837 sunt.

260 910 277 948 «
301 888 528 954 Effractorem
550 884 701 971 equitem
723 903 920 966 romanum,
945 883 1004 972 qui
1023 885 1166 954 elilacto
1187 903 1272 973 per·-

211 1001 397 1089 ioratoque
409 1001 546 1090 pariete
558 1001 743 1088 pecuniam
754 1002 961 1081 abstulerat,
976 1020 1040 1088 pro
1055 1001 1149 1070 omni
1164 1019 1271 1088 poena

211 1119 449 1206 quinquennio
475 1119 651 1188 abstinere
673 1117 779 1205 jussit
805 1116 989 1205 provincia
1016 1117 1152 1200 Africa,
1180 1117 1271 1188 unde

212 1238 303 1318 erat,
322 1238 358 1304 et
372 1237 477 1318 Urbe,
495 1240 528 1304 et
544 1234 647 1305 ltalia
659 1236 684 1302 l.
703 1259 720 1298 >›
741 1269 782 1290 -
797 1233 1008 1317 Quinetiam,
1026 1236 1065 1304 ut
1080 1217 1271 1305 Diocletia-

212 1371 279 1420 nus
295 1355 331 1420 et
344 1350 578 1418 Maximianus
595 1352 750 1433 monent,
767 1373 784 1413 «
800 1348 886 1417 Divo
901 1352 1018 1418 Marco
1036 1349 1169 1438 placuit
1182 1342 1282 1418 emi?

213 1468 515 1535 acutissimorum
537 1485 601 1534 nec
624 1484 694 1533 non
716 1464 822 1532 etiam
836 1467 1195 1549 perfectissimorum
1215 1464 1271 1534 vi-

214 1600 334 1649 rorum
351 1601 460 1667 usqne
479 1583 523 1649 ad
539 1584 753 1668 pronepotes
773 1580 902 1648 liberos
923 1581 1139 1668 plebeiorum
1156 1578 1270 1668 poenis

189 1717 190 1722 ¹
215 1696 271 1764 vel
289 1696 541 1783 quaestionibus
559 1715 626 1765 non
643 1694 781 1785 subjici,
801 1694 830 1762 si
850 1699 967 1764 tamen
986 1695 1161 1784 propioris
1181 1713 1269 1781 gra·

215 1811 280 1880 dus
302 1812 452 1896 liberos,
480 1831 544 1899 per
569 1831 657 1899 quos
678 1811 716 1879 id
741 1810 965 1899 privilegium
994 1812 1040 1880 ad
1069 1810 1269 1880 ulteriorem

214 1928 367 2014 gradum
392 1927 667 2014 transgreditur,
692 1927 790 1994 nulla
813 1925 936 1994 violati
962 1925 1106 2014 pudoris
1132 1926 1271 1995 macula

215 2043 398 2131 aspergite
414 2067 447 2110 >›.

259 2162 382 2228 Nonne
399 2158 449 2226 sic
463 2159 637 2246 primores
657 2158 702 2226 ad
719 2156 896 2226 licentiam
912 2155 1183 2226 excitabantur?
1204 2155 1271 2235 Qui

215 2274 385 2363 majorem
418 2293 563 2362 operam
595 2275 641 2342 ad
669 2273 865 2370 utilitatem
883 2273 1084 2361 reipublicae
1111 2271 1270 2343 conferre

215 2392 384 2461 deberent
409 2398 470 2458 aut
493 2409 561 2457 non
585 2390 700 2458 minus
721 2389 904 2460 autetiam
927 2388 1083 2457 severius
1105 2387 1271 2476 puniendi

215 2512 298 2575 sunt
314 2526 418 2593 quam
435 2506 555 2574 infima
575 2525 594 2574 e
611 2507 720 2594 stirpe
736 2503 811 2572 nati
829 2503 997 2587 homines,
1018 2504 1143 2590 quibus
1165 2503 1270 2590 igno-

215 2623 334 2691 rantia
351 2622 569 2692 excusationi
586 2627 655 2705 est,
677 2629 712 2689 et
734 2641 882 2708 quorum
901 2620 1064 2707 exempla
1085 2619 1179 2688 haud
1198 2623 1271 2688 tam

214 2738 413 2826 periculosa
431 2741 523 2806 sunt.
544 2737 611 2806 Sed
627 2755 805 2822 nunquam
820 2739 855 2804 et
874 2735 968 2822 apud
982 2733 1272 2822 prudentissimos

216 2857 454 2924 Romanorum
470 2855 547 2922 baec
563 2851 741 2940 aequitatis
760 2855 940 2940 praecepta
961 2850 1140 2924 intellecta
1155 2851 1269 2933 fuere,

216 2989 329 3056 neque
358 2970 501 3038 dubium
531 2972 687 3038 Marcum
715 2969 808 3056 quod
839 2986 978 3054 aequum
1011 2985 1088 3036 esse
1120 2966 1272 3055 putabat

218 3086 372 3154 effecisse
383 3087 409 3155 ³.

263 3203 423 3271 Ceterum
443 3201 614 3268 nonnulla
634 3216 773 3286 quoqne
792 3217 862 3266 non
881 3196 985 3267 dubie
1006 3196 1165 3286 aequitati
1186 3215 1272 3266 con-

218 3337 309 3404 grua
335 3317 520 3386 decrevit:
548 3317 601 3384 ita
622 3335 646 3384 a
667 3315 804 3384 furente
830 3317 965 3384 scelera
990 3313 1177 3383 commissa
1202 3332 1271 3384 non

218 3433 435 3522 punienda⁴;
450 3439 485 3500 et
498 3432 630 3501 crimen
646 3433 703 3500 vel
717 3450 860 3520 poenam
875 3430 989 3518 patris
1004 3431 1136 3499 nullam
1150 3447 1273 3498 macu-

255 3682 279 3737 l.
294 3683 326 3738 L.
344 3681 435 3753 tsi,
450 3685 496 3753 D.,
510 3686 550 3738 de
562 3681 696 3752 effreni,
710 3679 755 3752 lt,
773 3681 814 3738 18.

253 3767 281 3824 2.
295 3770 326 3824 L.
344 3767 388 3837 ll,
402 3768 474 3824 cod.
486 3769 575 3824 Just..
591 3770 630 3822 cie
640 3771 758 3838 meust,
772 3765 800 3836 9,
816 3764 860 3821 lt.

253 3854 280 3910 3.
296 3871 312 3907 «
325 3854 478 3924 capitales
489 3867 600 3910 causas
611 3852 768 3908 hominnm
780 3852 978 3909 honestorum
992 3851 1059 3924 ipse
1072 3849 1228 3920 cognovit,
1240 3853 1275 3906 ei

220 3938 340 4008 quidem
356 3953 476 3995 summa
495 3939 653 4009 equium,
668 3939 715 3994 ita
731 3939 766 3994 nt
783 3945 948 4009 praetorem
968 3935 1207 4010 reprehenderet
1220 3935 1273 4006 qui

220 4024 280 4080 cito
294 4039 414 4080 reorum
428 4037 539 4080 causas
552 4023 704 4090 nument,
713 4023 898 4093 juberetque
911 4022 999 4078 illum
1013 4021 1127 4078 iterum
1140 4033 1271 4090 cogno&

220 4123 298 4178 cere,
308 4108 472 4177 dignitatis
483 4122 590 4166 eornm
603 4108 753 4165 interesse
766 4108 871 4164 dicens
885 4109 919 4164 ut
928 4107 967 4164 ab
979 4121 1016 4162 eo
1029 4104 1212 4162 mmmmm
1220 4106 1272 4175 qui

220 4208 276 4265 pro
289 4194 402 4266 populo
411 4193 579 4263 indicaret.
590 4209 608 4246 a
619 4191 749 4264 capitol.
762 4193 804 4248 li.
817 4195 887 4248 Aut.
905 4193 985 4250 Phil.
998 4188 1044 4248 24.

255 4273 1274 4350 n.‹saoenporturommsliqutrpsrcntemooemern‚rmpmi-
