3128 4962
295 407 339 477 52
708 426 794 474 PAns
817 429 934 476 emon.

293 551 451 630 fuerant;
484 549 681 617 bominibus
715 549 775 635 qui
803 551 903 618 novis
931 551 1131 618 muneribus
1165 552 1353 638 praepositi

294 670 407 749 erant,
423 665 569 744 salaria,
587 665 756 732 militibus
773 665 948 752 stipendia
963 666 1098 746 danda;
1114 666 1188 732 ludi
1204 666 1350 746 edendi;

292 780 499 866 largitiones
511 781 642 867 populo
659 779 841 848 faciendae.
855 781 898 849 Ni
910 781 1103 868 imperator
1114 801 1242 868 parcus
1258 785 1353 850 esset

291 901 327 965 et
347 896 454 982 frugi,
473 915 605 983 paucos
625 901 705 983 post
727 916 836 964 annos
857 898 1041 983 pecuniam
1059 898 1219 964 omnibus
1235 897 1352 964 modis

291 1031 450 1098 quaerere
472 1012 664 1096 cogebatur
684 1032 691 1076 :
713 1011 794 1078 inde
812 1012 962 1098 impetus
980 1011 1016 1078 in
1037 1012 1256 1098 privatorum
1274 1013 1350 1080 for-

290 1131 414 1211 tunas,
433 1115 603 1196 bonorum
626 1126 901 1213 publicationes,
920 1128 1133 1196 creberrima
1149 1129 1350 1197 delatorum

276 1219 405 1311 turba.
424 1243 552 1310 Primis
572 1241 791 1329 principatus
808 1244 1041 1330 temporibus,
1060 1245 1141 1311 dum
1160 1245 1349 1332 pecuniam

288 1361 323 1426 in
354 1365 518 1447 promptu
548 1361 734 1442 haberent,
766 1363 1000 1446 temperantes
1029 1361 1215 1448 potestatis
1246 1363 1348 1430 fuere

288 1478 443 1544 Nerones
455 1478 490 1543 et
502 1473 711 1554 Domitiani;
727 1494 804 1541 oum
819 1479 855 1542 et
869 1479 1026 1562 sumptus
1040 1477 1199 1562 publicos
1212 1482 1246 1545 et
1261 1496 1347 1546 suos

288 1591 520 1677 nequiverunt
543 1591 691 1673 solvere,
717 1591 935 1658 atrocissime
952 1591 1176 1660 saevieruntl.
1200 1597 1346 1679 Fruga-

286 1707 366 1775 liter
393 1707 560 1775 Antonini
584 1726 621 1774 se
642 1711 791 1791 egerunt
814 1726 926 1794 neque
952 1709 1072 1775 liscum
1096 1729 1159 1796 per
1186 1711 1344 1777 cundoa-

286 1823 397 1891 tiones
422 1841 555 1907 augere
584 1823 784 1909 cupiebant.
810 1823 909 1890 Fisoo
934 1826 1072 1890 Marcus
1097 1823 1277 1904 Aurelius,
1305 1831 1345 1892 ut

285 1943 409 2006 narrat
422 1939 650 2026 Capitolinus,
663 1938 699 2003 in
712 1938 830 2004 causis
846 1939 1042 2025 compendii
1058 1958 1234 2027 nunquam
1242 1941 1344 2028 judi-

283 2074 368 2123 oans
385 2055 513 2135 favit²;
538 2055 613 2142 ejus
632 2055 742 2121 multa
759 2054 930 2142 rescripta
953 2063 1075 2123 contra
1094 2057 1214 2123 dsoum
1239 2057 1342 2124 nobis

283 2171 415 2240 tradita
426 2175 506 2239 sunt
516 2173 540 2238 ³.
554 2173 644 2238 Ante
659 2170 776 2238 omnia
789 2170 960 2238 Aristides
972 2173 1225 2258 parsimoniam
1237 2173 1340 2259 prin-

282 2287 370 2374 cipis
388 2289 509 2355 laudat
527 2307 535 2352 :
554 2311 570 2349 «
586 2286 670 2363 Quis
686 2286 778 2352 enim
793 2287 849 2352 vel
859 2286 1009 2372 justitiae
1025 2287 1081 2354 vel
1096 2288 1337 2371 humanitatis,

281 2405 338 2471 vel
355 2403 504 2470 aliarum
521 2403 688 2494 uirtutum
712 2405 765 2469 tot
783 2405 963 2488 tantaque,
982 2406 1066 2488 quot
1082 2408 1117 2470 et
1132 2412 1265 2490 quanta
1282 2404 1339 2472 bic

279 2519 473 2607 imperator
489 2519 651 2605 exempla
666 2517 792 2585 edidit!
813 2521 863 2585 Ao
873 2520 1042 2601 primum
1051 2521 1243 2602 justitiam
1259 2523 1338 2602 ejus

282 2637 323 2702 io
339 2637 481 2704 tribulo
496 2635 779 2704 considerentur.
798 2633 935 2701 Etenim
950 2653 1027 2700 cum
1045 2635 1236 2721 pensiones
1244 2637 1339 2701 mul-

279 2756 325 2820 tae
356 2753 392 2818 in
426 2750 676 2838 rempublicam
707 2751 966 2832 conferrentur,
999 2768 1040 2817 ac
1066 2751 1200 2818 tributa
1225 2751 1338 2818 multa

278 2868 431 2939 noudum
454 2868 663 2949 sufficerent,
687 2867 747 2933 sed
774 2868 809 2932 et
834 2864 964 2933 aeraria
992 2866 1109 2933 omnia
1132 2869 1248 2934 essent
1268 2885 1334 2934 ex-

276 2986 403 3052 hausta
426 2986 464 3050 ct·
480 2982 649 3068 graviora
671 3001 807 3067 quoque
825 2981 861 3046 in
881 2984 1060 3067 posterum
1082 2987 1333 3066 metuerentur,

310 3262 335 3320 l.
356 3262 493 3318 Tiberius
514 3261 578 3316 fere
600 3273 678 3315 unus
700 3259 791 3315 simul
811 3259 870 3315 fuit
888 3274 1000 3330 parcus
1024 3258 1055 3315 et
1078 3259 1219 3316 crudelis.
1238 3259 1280 3316 cf.
1296 3259 1334 3316 de

272 3348 480 3419 Champagny,
503 3349 558 3401 Les
584 3343 704 3410 decoro,
725 3346 748 3400 t.
765 3359 798 3412 11,
815 3362 844 3414 p.
859 3343 876 3398 8
891 3346 922 3400 et
936 3343 969 3412 93
996 3346 1045 3401 W.
1065 3347 1172 3412 dapes,
1193 3347 1248 3401 The
1270 3346 1329 3400 Ro-

272 3447 346 3488 man
360 3435 488 3501 limpore
501 3431 541 3498 of
550 3433 597 3486 uae
610 3433 722 3485 second
740 3431 883 3499 century.
901 3429 1034 3498 London,
1053 3427 1130 3498 1880,
1149 3444 1179 3499 p.
1198 3429 1230 3485 13
1241 3429 1271 3486 et
1289 3428 1331 3486 ll.

305 3519 331 3575 1.
353 3520 393 3592 M.
406 3522 474 3574 Ant.
489 3518 570 3572 Pbil.
590 3514 634 3570 11.

305 3605 330 3660 3.
352 3606 382 3660 L.
401 3604 427 3673 3,
443 3601 512 3658 cod.
533 3603 622 3657 Just..
637 3602 666 3654 si
682 3603 834 3655 adversus
855 3599 978 3666 fiscum,
993 3599 1009 3653 1
1036 3597 1089 3668 373
1107 3597 1138 3652 16
1154 3597 1166 3661 ,f
1182 3597 1209 3666 1,
1225 3601 1271 3667 D,
1292 3601 1331 3654 de

268 3692 391 3760 abacia
404 3693 438 3745 ot
450 3689 597 3756 indiguis.
610 3686 654 3753 31,
670 3684 701 3753 9;
718 3685 773 3748 las*
788 3683 814 3752 6,
829 3684 858 3739 l8
874 3685 886 3748 s*
901 3683 926 3754 1,
944 3685 977 3740 13
1000 3684 1043 3751 31,
1056 3687 1178 3750 dejure
1191 3687 1270 3754 fisci,
1281 3683 1325 3754 le,

270 3775 315 3844 11;
335 3771 365 3828 16
386 3773 414 3837 §S
435 3772 451 3827 6
471 3775 502 3827 et
527 3770 566 3836 10,
590 3774 627 3825 de
650 3771 838 3836 Publicolam,
857 3768 900 3836 39,
922 3767 948 3824 l.
965 3771 1129 3823 AErorium
1148 3769 1332 3824 dicebantur

267 3859 391 3914 senatus
414 3857 567 3929 pecuniae3
587 3857 682 3924 fiscus
702 3855 849 3925 principis
875 3874 880 3909 :
911 3854 975 3908 haec
997 3854 1153 3908 distinctio
1175 3853 1325 3924 paulatim

267 3941 383 3997 abolita
405 3943 462 3998 cst.
482 3941 735 4009 Distinguebatur
756 3943 787 3994 et
812 3939 894 3993 inter
915 3939 1022 3993 fiscum
1043 3945 1074 3993 et
1093 3939 1171 3993 bona
1194 3937 1323 3993 Caesaris

266 4027 399 4098 privata.
415 4030 446 4082 L.
467 4027 483 4082 3
503 4026 516 4090 S
537 4026 577 4080 10.
596 4028 628 4080 D.
647 4023 688 4091 le,
709 4023 749 4079 ll.
767 4023 809 4078 of.
834 4023 1020 4091 Hirsolilcld,
1044 4025 1324 4091 Ualersccbongeo,

265 4129 295 4185 p.
310 4113 328 4168 8
351 4142 385 4153 ·-
403 4115 487 4168 Fa‘soc'
508 4117 672 4168 advocator
690 4111 808 4182 primus
833 4109 1014 4164 instituerat
1031 4108 1203 4163 Hadrianus
1219 4109 1325 4177 (Spar-
1382 4127 1387 4142 =

264 4198 339 4254 tien.
348 4199 446 4255 Hadr.
458 4195 501 4264 10)
511 4213 520 4266 ;
533 4210 607 4266 quos
616 4197 756 4251 obicibus
766 4198 864 4248 aratus
876 4194 1092 4247 controversiis
1104 4206 1125 4246 a
1135 4192 1211 4260 fisco
1220 4191 1317 4258 factis

264 4284 384 4342 Marcus
396 4283 504 4343 adesse
515 4282 612 4354 jussit
624 4282 644 4337 l.
661 4273 686 4337 7.
701 4281 735 4336 D.
751 4282 807 4335 eod
825 4280 869 4335 tit.
887 4275 931 4347 19,
951 4276 993 4332 ll.

467 4684 1163 4926 -n
