3128 4962
303 337 342 404 ld
713 358 800 406 raus
823 359 938 408 Paron.

341 479 488 548 Diversa
504 483 684 566 praecepta
709 477 903 548 Stoicorum
928 484 962 549 et
982 480 1261 550 Christianorum
1275 483 1363 551 talis

301 593 491 662 animiciliae
519 591 692 680 originem
713 595 819 664 fuisse
836 595 898 664 alii
922 599 1066 684 putant¹
1087 619 1098 664 .·
1116 597 1250 666 Stoicos
1265 599 1361 666 enim

297 732 332 778 1n
352 710 450 798 ipsis,
473 711 691 778 Christianos
715 712 809 798 apud
833 713 940 778 Deum
967 713 1140 780 malorum
1165 713 1361 781 remedium

296 825 512 915 quaesivisse.
535 863 577 877 -
600 829 645 893 At
668 845 846 913 nunquam
864 826 971 894 Stoici
995 825 1135 914 Epicuri
1166 827 1361 914 discipulos

294 947 440 1031 propter
468 941 672 1029 opinionum
707 941 1024 1010 dissimilitudinem
1057 942 1174 1030 capite
1206 944 1361 1011 damna-

295 1078 377 1128 vere
394 1079 402 1125 ε
420 1059 488 1127 ista
505 1058 615 1144 igitur
630 1058 805 1126 sententia
820 1057 914 1124 omui
931 1058 1159 1126 fundamento
1174 1061 1287 1126 caret.
1327 1135 1329 1141 ¹

337 1173 408 1243 Alii
435 1174 577 1242 tandem
602 1172 880 1240 Christianorum
903 1173 1080 1261 ipsorum,
1105 1193 1253 1261 quorum
1276 1173 1358 1262 jam

293 1301 365 1358 tum
381 1309 546 1358 numerus
559 1290 722 1376 frequens
737 1293 826 1371 erat,
844 1289 1062 1358 ferocitatem
1076 1289 1251 1371 incusant,
1265 1309 1359 1358 sum-

293 1425 386 1472 mum
413 1405 449 1472 in
474 1405 609 1472 animos
633 1404 815 1490 imperium
839 1404 1069 1488 inhiantium,
1093 1424 1213 1474 omnes
1239 1406 1357 1473 cultus

292 1524 451 1587 evertere
464 1519 690 1586 volentiuma
711 1517 811 1593 Quod
829 1537 897 1586 non
910 1519 1265 1600 omnino,Autoninis
1281 1519 1355 1603 im-

290 1632 508 1720 perantihuS,
530 1631 770 1718 accipiendum
788 1638 851 1699 est.
869 1633 1092 1700 Libertatem
1110 1634 1200 1716 fidet
1218 1633 1356 1700 solum-

290 1747 394 1816 modo
424 1756 497 1815 tum
527 1745 725 1814 Christiano
761 1747 948 1832 rogabant.
983 1749 1175 1815 «Tantum
1205 1747 1354 1815 humani

284 1863 377 1952 juris
393 1867 428 1932 et
444 1861 615 1930 naturalis
632 1866 789 1949 potestas
806 1869 858 1930 est
875 1861 1061 1948 unicuique
1085 1863 1177 1950 quod
1198 1869 1354 1951 putave-

288 1981 336 2048 rit
347 1982 474 2062 colere,
490 1999 552 2048 nec
569 1979 630 2046 alii
650 1980 750 2047 obest
766 1982 801 2047 et
822 1979 965 2065 prodest
986 1978 1126 2064 religi0,
1149 1979 1200 2046 ait
1219 1980 1354 2074 Tertul-

288 2081 416 2188 lianus.
441 2096 507 2163 Sed
528 2113 592 2162 nec
615 2093 799 2180 religionis
814 2097 868 2161 est
889 2111 1016 2180 cogere
1036 2094 1243 2180 religionem
1269 2115 1351 2181 quae

287 2359 370 2402 were
389 2344 490 2400 bound
505 2342 538 2400 to
552 2343 666 2412 regard
684 2357 719 2399 as
739 2358 758 2398 a
776 2341 854 2398 fatal
868 2342 928 2398 and
942 2342 1076 2413 impious
1096 2342 1245 2399 delusion.
1264 2345 1350 2414 They

286 2429 441 2486 therefore
454 2429 585 2485 allowed
602 2428 800 2499 christianity
810 2430 842 2483 to
855 2442 913 2483 run
926 2427 968 2483 its
983 2441 1100 2495 course,
1117 2427 1294 2483 uncheeked
1306 2428 1350 2498 by

285 2516 374 2573 those
384 2513 474 2586 penal
487 2513 564 2569 laws
574 2513 674 2569 which
690 2528 774 2568 more
787 2513 905 2580 honest,
919 2513 973 2567 but
983 2512 1232 2568 moremisteken
1246 2513 1348 2570 rulers

284 2594 386 2671 would
410 2594 571 2664 assuredly
586 2596 667 2649 have
687 2595 825 2650 euaeted.
850 2597 897 2650 We
915 2596 982 2664 find
1001 2596 1203 2664 accordiequ
1217 2597 1282 2651 that
1297 2597 1347 2650 the

282 2683 372 2748 erem
385 2693 495 2748 enemy
509 2679 548 2746 os
558 2680 758 2749 Christianae
776 2694 841 2735 war
860 2681 987 2734 Marcus
1002 2668 1160 2746 Aurelios,
1176 2695 1194 2735 a
1209 2679 1291 2735 mind
1315 2681 1351 2736 ot‘

283 2763 392 2834 kindly
401 2763 534 2834 temper,
545 2763 606 2819 and
622 2764 656 2818 ot'
669 2764 799 2820 learless
817 2763 1004 2834 unllinching
1017 2765 1159 2834 honesty,
1176 2764 1231 2820 but
1239 2765 1345 2820 whose

282 2849 371 2917 reign
385 2863 451 2904 was
470 2848 700 2905 characterized
712 2849 753 2920 by
768 2864 787 2904 a
800 2849 997 2920 prosecution
1017 2849 1097 2905 from
1112 2849 1213 2906 which
1230 2849 1267 2904 he
1282 2849 1343 2906 had

282 2932 438 2988 refrained
454 2933 514 2989 had
528 2933 566 2987 he
584 2934 660 2988 been
675 2933 737 2990 less
754 2934 785 2989 in
798 2937 921 2990 earnest
934 2933 1029 2990 about
1038 2934 1091 2990 the
1104 2934 1236 3004 religion
1247 2932 1282 2989 of
1294 2934 1343 2991 his

282 3015 411 3073 fathers.
423 3035 440 3071 »
452 3017 588 3086 (Horres
602 3017 641 3085 of
654 3019 1061 3087 Civilizatr'oninllneland.
1077 3020 1211 3089 London,
1229 3016 1341 3087 lotar,

280 3116 311 3172 p.
332 3098 392 3171 l85,
417 3099 489 3169 186).
504 3104 545 3157 De
565 3103 682 3174 pietate
706 3105 812 3173 Marci,
836 3104 898 3161 vid.
924 3103 1139 3174 Merquerdtu.
1161 3106 1342 3161 Mommsen.

280 3188 451 3242 Hauddueh
465 3191 522 3242 der
534 3189 718 3245 roemtseheu
729 3190 835 3245 Altert.
848 3202 891 3258 vr,
906 3188 939 3245 72
956 3191 988 3246 et
1002 3189 1046 3245 73.

317 3272 341 3326 l.
361 3274 491 3341 Brauue,
507 3287 555 3340 op.
569 3274 632 3342 cit,
647 3288 676 3344 p.
694 3271 737 3329 75.

314 3357 341 3414 2.
362 3375 378 3412 «
397 3357 577 3414 L’immeuse
604 3358 793 3415 intolerance
814 3360 854 3416 du
878 3359 1108 3417 christianismo
1133 3361 1186 3430 qul
1206 3362 1342 3431 rompait

279 3442 344 3499 'ala
361 3443 421 3500 lois
441 3457 517 3499 avec
534 3444 621 3500 toute
641 3445 759 3500 seleuce
781 3445 925 3501 humaine
939 3447 971 3501 et
990 3459 1066 3500 aveo
1085 3445 1187 3501 toutes
1208 3444 1252 3501 les
1267 3446 1340 3501 reli-

278 3528 377 3598 gione,
398 3529 543 3586 semblait
558 3529 666 3585 devoir
686 3530 828 3586 ebranler
849 3531 893 3587 les
912 3531 1001 3586 beses
1019 3529 1117 3586 meme
1137 3530 1173 3600 de
1192 3529 1337 3600 l'empire.

278 3614 401 3685 Surpris
418 3617 475 3686 par
490 3613 669 3686 l’explosion
689 3615 726 3670 de
745 3618 825 3671 cette
847 3615 985 3671 doctrine
997 3614 1129 3685 jelouse,
1152 3614 1201 3682 qui
1222 3629 1258 3669 ne
1275 3615 1342 3670 leur

277 3698 399 3755 laissait
414 3700 531 3756 d’autre
552 3699 740 3756 alternative
765 3715 823 3770 que
844 3715 899 3757 son
918 3700 1073 3770 triomphe
1095 3715 1134 3755 ou
1157 3700 1223 3754 leur
1240 3701 1339 3769 ruine,

276 3784 320 3839 les
333 3785 478 3840 Romains
493 3799 526 3840 se
544 3785 748 3841 delendireut.
763 3785 840 3840 Leur
855 3784 979 3841 defense
997 3787 1044 3840 fut
1057 3798 1094 3840 en
1110 3784 1239 3853 quelque
1256 3786 1340 3841 sorte

276 3868 307 3924 la
328 3869 452 3925 defense
473 3869 510 3924 de
539 3869 569 3924 la
593 3869 750 3926 tolerauee
772 3876 878 3924 contre
901 3868 1120 3924 l'iutolerance.
1154 3868 1337 3936 seulement,

275 3953 379 4010 c’etait
400 3968 458 4010 une
479 3955 592 4010 sociate
612 3968 793 4026 corrompue
816 3954 868 4023 qui
893 3952 1000 4009 luttait
1018 3954 1124 4009 contre
1144 3967 1203 4008 une
1224 3953 1339 4009 secieto

275 4039 411 4094 devouee
426 4042 457 4095 et
475 4039 705 4110 enthousiaste3
724 4040 757 4095 la
779 4037 957 4109 corruption
979 4036 1178 4106 sanguinaire
1202 4037 1255 4092 des
1278 4038 1337 4092 Ro-

274 4124 384 4192 maim,
400 4138 433 4180 se
446 4122 593 4180 molente
613 4123 642 4178 la
657 4123 746 4194 lutto,
763 4122 794 4178 la
812 4121 1004 4180 transforma
1018 4135 1056 4177 en
1072 4135 1130 4177 une
1145 4121 1337 4193 persecution

274 4207 433 4264 hideuse...
452 4226 466 4261 »
484 4210 514 4263 Ε.
531 4207 567 4262 de
584 4208 715 4277 sochen,
730 4223 778 4276 op.
795 4208 859 4276 cit,
875 4222 904 4278 p.
921 4205 981 4262 177.
