3128 4962
591 381 635 432 nn
656 383 743 432 June
766 381 884 430 crvrnr.
1225 358 1270 427 75

252 505 511 588 Jurisconsulti,
540 508 579 572 ut
597 505 704 588 solet,
732 505 893 574 duriores
919 504 977 572 diu
1004 504 1269 592 permansere¹.

208 623 280 710 Ipsi
299 632 428 706 tamen,
447 633 485 688 ut
506 642 549 689 ex
570 621 763 689 Florentini
782 621 899 688 verbis
915 625 1065 698 constat,
1088 619 1270 706 antiquam

209 737 384 806 saevitiam
403 739 542 804 tandem
559 738 719 804 omisere.
746 739 907 805 Ceterum
931 756 1045 804 nonne
1066 736 1270 823 reipublrcae

209 872 299 940 expe
323 854 421 922 iebat
443 854 585 940 nequis
608 874 646 922 rc
670 875 735 921 sua
758 855 851 921 male
871 856 1051 920 uteretur?
1070 853 1158 927 Quae
1176 851 1270 938 juris

209 969 301 1037 ratio
319 971 412 1038 baud
432 971 536 1057 parvi
557 972 724 1038 momenti
742 971 838 1058 apud
860 990 922 1038 eos
943 969 1049 1036 fuisse
1069 969 1208 1035 videtur
1230 971 1272 1034 ut

211 1091 369 1153 vetustas
390 1088 488 1171 leges
503 1107 634 1172 magno
651 1087 727 1154 sine
744 1088 919 1154 desiderio
935 1086 1173 1154 desererent2.

113 1187 116 1194 ¹
258 1201 377 1268 Stoica
396 1201 584 1289 disciplina
603 1203 757 1270 imbutus
775 1206 915 1270 Marcus
928 1201 1125 1270 Antoninus
1141 1219 1183 1268 eo
1202 1198 1270 1266 mi-

211 1315 283 1384 tior
299 1337 387 1404 erga
407 1318 586 1405 mancipia
610 1325 688 1386 erat
712 1320 804 1405 qnod
825 1327 928 1406 pater
949 1323 985 1385 et
1008 1337 1095 1385 avus
1116 1316 1270 1386 maxime

210 1433 246 1500 in
269 1435 332 1500 illa
346 1435 421 1522 J'am
445 1437 587 1522 benigni
612 1437 787 1504 speranti.
813 1440 853 1502 Et
869 1437 914 1502 ad
931 1454 1113 1502 servorum
1137 1442 1266 1502 sortem
1341 1450 1356 1467 ·

211 1552 388 1619 servitutis
399 1564 554 1640 tempore
566 1555 743 1622 meliorem
756 1555 973 1622 efficiendam
991 1554 1102 1620 multa
1116 1555 1267 1620 humane

211 1638 322 1751 cavit,
345 1677 380 1736 et
402 1670 733 1738 manumissionibus
763 1671 870 1751 favit,
895 1690 975 1757 quae
999 1671 1044 1737 ad
1071 1670 1268 1736 naturalem

212 1784 365 1853 omnium
383 1786 560 1854 bominum
578 1791 707 1854 statum
727 1788 861 1855 reditus
877 1787 1100 1854 videbantur.

253 1902 453 1970 Hadrianus
467 1909 504 1971 et
522 1903 619 1972 Titus
639 1904 835 1970 Antoninus
850 1923 973 1972 servos
993 1924 1016 1970 a
1034 1901 1184 1971 dominis
1205 1921 1271 1970 ne-

211 2019 285 2088 cari
309 2020 365 2088 vel
385 2021 540 2089 atrocius
561 2021 684 2089 baberi
707 2025 904 2089 vetuerant.
930 2024 1068 2088 Marcus
1089 2019 1271 2107 prohibuit
1316 2050 1319 2058 ¹

212 2155 254 2205 ne
268 2139 502 2205 venderentur
517 2143 554 2204 ut
569 2158 645 2204 cum
662 2138 783 2205 bestiis
794 2137 1036 2225 pugnarent&
1051 2136 1208 2223 ejusdem
1224 2155 1268 2203 ex

212 2254 382 2341 rescripto
412 2255 519 2322 etiam
543 2255 712 2322 adversus
742 2253 924 2342 proprium
950 2273 1090 2322 servum
1120 2272 1270 2321 accusa-

212 2545 265 2616 Fp.
279 2557 376 2600 xnvn.
394 2544 419 2600 l.
435 2561 450 2597 «
466 2543 608 2615 Ejusdem
623 2545 812 2614 arrogantiae
825 2544 1023 2616 proverbium
1032 2543 1182 2615 jactatur,
1198 2545 1268 2600 mtt-

211 2633 283 2685 dem
302 2645 367 2685 erse
385 2632 484 2685 hostes
504 2633 575 2700 qum
595 2644 710 2685 amoc.
729 2631 793 2684 Non
810 2629 958 2685 babemus
979 2628 1050 2686 illos
1072 2629 1177 2685 hostes
1183 2669 1192 2698 ‚
1217 2627 1269 2684 sed

208 2714 348 2778 ¹fecimus.
365 2714 432 2770 Alia
444 2715 567 2772 interim
580 2715 717 2770 crudelia
730 2716 761 2770 et
775 2715 944 2770 inhumana
956 2719 1120 2786 praetereo,
1135 2712 1215 2782 quod
1233 2727 1270 2768 ne

211 2799 358 2869 tanquam
371 2799 544 2856 bominibus
554 2799 675 2868 quidem
688 2799 742 2854 sed
755 2807 898 2870 tanquam
910 2800 1060 2870 jumentis
1074 2798 1239 2856 abutimur.
1252 2816 1269 2852 »

212 2885 265 2956 Ep.
276 2898 370 2950 mvn,
385 2885 402 2940 3
417 2899 500 2954 seqq.
515 2885 635 2940 Senecae
647 2885 791 2940 Sanctum
800 2884 927 2940 Paulum
938 2886 1044 2940 notum
1056 2883 1163 2952 fuisse,
1179 2883 1270 2940 bodie

206 2969 274 3039 jam
290 2983 349 3024 non
362 2969 508 3030 creditur.

249 3053 274 3108 l.
295 3053 361 3109 Vid.
379 3054 460 3126 apud
475 3055 571 3112 Tacit.
587 3057 676 3116 rann.
691 3069 758 3125 xiv,
771 3053 828 3125 43),
843 3058 872 3110 c.
890 3056 1029 3112 cassium
1043 3065 1152 3112 contra
1162 3068 1270 3112 servos

212 3139 244 3194 in
265 3141 374 3195 senatu
390 3140 486 3195 verba
508 3140 672 3196 facientem
690 3142 723 3196 et
743 3155 859 3196 morem
884 3142 1036 3210 majorum
1058 3140 1269 3197 extollentem.

212 3255 244 3266 -
261 3226 349 3299 Apud
362 3241 418 3283 nos
428 3226 603 3298 jnrisperiti
617 3229 774 3283 tormenta
786 3228 819 3282 in
833 3229 993 3298 suspectos
1007 3241 1135 3283 servare
1148 3226 1200 3282 diu
1213 3239 1270 3281 va·

212 3310 345 3368 luerunt.

247 3394 274 3450 2.
294 3397 359 3452 Gai.
375 3398 396 3466 1,
412 3394 446 3452 53
461 3414 467 3452 :
485 3415 500 3450 <‹
517 3397 597 3453 Male
619 3398 725 3452 nostro
739 3398 811 3468 jure
824 3398 868 3454 uti
887 3412 946 3453 non
959 3397 1105 3454 debemus
1121 3415 1127 3453 :
1145 3411 1205 3465 qua
1218 3413 1269 3453 ra-

215 3479 298 3536 tione
313 3483 345 3536 et
364 3482 504 3552 prodigis
528 3481 724 3538 interdicitur
751 3482 899 3538 bonorum
921 3497 1045 3539 suorum
1071 3482 1270 3540 administra-

212 3567 265 3624 tio.
283 3583 344 3620 »-
359 3585 374 3619 «
393 3569 455 3623 Nor
473 3582 540 3624 was
556 3568 608 3623 the
628 3567 743 3623 slave's
760 3568 883 3639 private
904 3568 963 3622 law
984 3568 1118 3638 position
1141 3567 1271 3622 affected

212 3653 254 3723 by
267 3652 319 3709 the
330 3654 549 3710 constitutions
559 3655 659 3710 wbicb
674 3653 762 3708 made
773 3654 798 3708 it
811 3653 900 3724 penal
914 3655 962 3708 sor
974 3653 1022 3708 bis
1038 3657 1155 3709 master
1167 3653 1199 3706 to
1213 3651 1270 3707 kill

213 3752 248 3793 or
260 3739 437 3810 grievously
452 3739 587 3795 ill-treet
603 3739 666 3794 blm
675 3739 809 3795 without
817 3753 919 3794 cause.
931 3739 1028 3794 These
1040 3751 1122 3792 were
1138 3736 1169 3791 iu
1184 3737 1271 3792 trutb

212 3826 426 3894 anangulum
444 3827 497 3882 the
514 3826 689 3898 provisions
705 3827 736 3881 in
753 3825 880 3881 modern
896 3826 1030 3895 systems
1047 3823 1082 3878 ol
1093 3822 1196 3894 public
1211 3822 1272 3878 law

212 3909 261 3966 Tor
275 3910 327 3966 the
341 3911 523 3982 prevention
539 3910 573 3966 ot
582 3909 702 3979 c.·uelty
714 3911 747 3964 to
761 3909 903 3964 animale.
917 3925 933 3961 »
949 3911 982 3964 T.
998 3909 1030 3963 n.
1048 3906 1187 3978 llolland,
1204 3907 1273 3962 Ete-

212 4001 311 4052 ments
326 3995 366 4062 of
374 3997 624 4065 Jurispmdence.
640 3994 767 4064 Oxsord,
785 3992 863 4063 1880,
880 4008 909 4064 p.
923 3990 985 4050 236.

248 4079 275 4135 3.
296 4081 362 4136 vid.
379 4096 470 4152 praec.
487 4081 641 4152 Spartian.
656 4081 688 4136 in
703 4082 884 4146 Hadriano,
906 4079 952 4150 l.;
968 4078 987 4134 l.
1002 4077 1030 4150 2,
1046 4081 1090 4145 D..
1107 4082 1145 4136 de
1158 4079 1273 4150 hirqui

213 4167 264 4222 sui
277 4167 326 4221 vel
340 4168 530 4233 atienijurir
544 4171 626 4232 runt,
643 4163 666 4233 l,
683 4162 716 4236 63
733 4165 798 4220 Gai,
815 4167 888 4220 idid.

250 4249 276 4307 4.
296 4251 329 4308 L.
344 4249 390 4322 tt,
405 4253 450 4322 D„
464 4255 504 4308 de
519 4253 657 4310 contrat.
672 4255 765 4323 empt.
779 4249 822 4321 l8,
840 4249 864 4308 l.
1125 4275 1153 4336 0
