3128 4962
575 435 619 482 nu
641 435 727 483 sunu
750 436 906 484 ruamco.
1228 417 1272 484 53

211 557 291 645 ipse
307 557 477 646 majorem
494 557 652 645 pecuniae
676 577 846 626 summam
871 561 910 628 ut
928 559 1149 647 conquireret
1168 580 1272 629 coac-

211 677 269 742 tus
282 693 352 743 non
367 674 445 758 suit,
463 694 526 742 nec
542 694 585 742 ea
601 675 644 742 de
660 694 768 742 causa
782 676 943 743 acerbius
959 695 997 744 se
1014 679 1135 763 gessit,
1150 697 1271 747 verum

211 790 347 858 tributa
364 783 579 874 sublevavit,
598 791 754 858 maxima
773 795 843 859 non
863 794 965 860 modo
978 793 1134 880 justitia,
1156 796 1218 863 sed
1237 798 1272 863 et

152 901 155 909 ’
212 907 432 976 humanitate
455 911 586 994 praeter
607 910 742 975 ceteros
764 908 940 995 principes
963 911 1030 976 hac
1055 909 1150 978 inre
1173 931 1269 979 usus

211 1025 326 1110 Atque
352 1025 428 1091 haec
453 1022 592 1111 quidem
614 1025 657 1090 de
681 1023 870 1111 pecunia...
885 1025 909 1090 ¹.
929 1049 944 1087 »
975 1062 1016 1075 -
1040 1025 1271 1113 conspicuum

210 1139 393 1208 modestiae
410 1141 607 1227 exemplum
624 1140 746 1207 laudat
763 1141 1002 1226 Capitolinus:
1019 1165 1035 1203 «
1053 1131 1136 1209 Cum
1153 1145 1270 1210 autem

210 1257 342 1324 adhoc
362 1256 492 1323 bellum
511 1253 696 1350 (adversus
717 1252 877 1344 Quados)
895 1275 996 1323 omne
1017 1249 1183 1324 aerarium
1207 1277 1271 1324 ex-

208 1371 386 1439 hausisset
407 1391 526 1451 suum,
546 1391 658 1456 neque
680 1371 716 1438 in
740 1371 894 1437 animum
911 1371 1092 1439 induceret
1109 1375 1146 1438 ut
1168 1377 1270 1442 extra

208 1488 367 1556 ordinem
393 1486 585 1575 provinciis
614 1487 755 1573 aliquod
783 1487 995 1574 imponeret,
1023 1488 1059 1555 in
1085 1489 1161 1557 foro
1190 1490 1268 1558 Divi

207 1603 355 1690 Trajani
371 1603 567 1670 auctionem
585 1606 873 1670 ornamentorum
891 1602 1127 1689 imperialium
1143 1605 1266 1674 fecit...

206 1723 241 1788 et
268 1738 333 1806 per
357 1720 444 1786 duos
472 1718 609 1804 quidem
636 1737 775 1785 menses
800 1721 876 1786 haec
903 1719 1057 1787 venditio
1087 1721 1267 1789 celebrata

205 1839 278 1919 est,
305 1839 510 1922 tantumque
532 1837 609 1902 auri
639 1835 820 1902 redactum
847 1838 900 1902 est
926 1839 963 1902 ut
989 1836 1158 1922 reliquias
1184 1837 1266 1905 belli

204 1951 480 2026 Marcomanm'ci
497 1971 540 2018 ex
562 1950 736 2018 sententia
752 1954 973 2038 persecutus,
991 1955 1116 2039 postea
1133 1953 1268 2022 dederit

203 2070 420 2154 potestatem
436 2067 664 2154 emptoribus,
678 2071 716 2134 ut
732 2067 761 2134 si
777 2067 854 2153 quis
867 2068 973 2134 vellet
985 2072 1104 2155 empta
1119 2070 1266 2138 reddere

206 2187 315 2271 atque
340 2203 461 2251 aurum
483 2183 640 2270 recipere
662 2183 767 2250 sciret
784 2183 901 2252 licere.
926 2187 996 2251 Nec
1017 2187 1183 2254 molestus
1204 2187 1266 2253 ulli

205 2298 274 2365 fuit
289 2299 348 2384 qui
363 2299 418 2365 vel
433 2298 584 2366 reddidit
600 2302 729 2385 empta,
749 2300 890 2366 velnon
905 2299 1058 2367 reddidit
1066 2303 1092 2368 2.
1112 2325 1128 2363 >›

251 2413 347 2482 Sicut
367 2415 443 2501 ipse
456 2416 588 2481 nullum
607 2416 740 2482 lucrum
758 2435 821 2502 per
840 2417 1043 2484 inhonestas
1061 2421 1155 2485 artes
1172 2438 1266 2504 quae·

204 2531 307 2614 sivit,
324 2531 419 2598 cavit
442 2534 476 2598 et
499 2549 541 2598 ne
567 2530 627 2598 alii
652 2532 810 2599 subditos
837 2533 1103 2620 opprimerent:
1128 2533 1262 2601 «Dedit

204 2647 428 2716 curatoribus
440 2645 623 2733 regionum
643 2651 678 2714 et
692 2648 827 2715 viarum
844 2652 1054 2735 potestatem
1076 2652 1112 2716 ut
1123 2650 1179 2716 vel
1196 2669 1264 2736 pu-

203 2764 340 2845 nirent,
359 2765 414 2831 vel
438 2763 483 2830 ad
500 2763 702 2850 praetectum
725 2764 802 2831 urbi
826 2763 1022 2850 puniendos
1045 2763 1263 2832 remitterent

203 2899 265 2948 eos
290 2880 349 2966 qui
372 2882 464 2947 ultra
483 2880 673 2964 vectigalia
700 2881 889 2968 quidquam
912 2884 956 2948 ab
985 2881 1102 2968 aliquo
1121 2881 1263 2968 exegis-

203 2997 381 3063 sent...³›>
412 2998 483 3062 Nec
511 2981 650 3062 sordide
680 3015 767 3082 erga
795 2997 996 3083 provincias
1023 3016 1059 3065 se
1088 3000 1258 3083 gerebat;

203 3129 282 3178 eum
329 3110 599 3200 promptissimae
645 3112 868 3180 liberalitatis
910 3112 995 3181 dicit
1036 3113 1259 3201 Eutropinsl.

203 3227 313 3293 Multa
336 3231 416 3293 sunt
436 3226 530 3313 apud
557 3225 789 3313 Capitolinum
819 3227 1015 3314 hujusmodi
1042 3227 1255 3297 testimonia.

245 3344 382 3410 Paucas
399 3344 495 3427 leges
519 3343 562 3410 de
584 3341 695 3409 fiscali
721 3361 760 3410 re
788 3342 909 3411 omitto
923 3345 949 3424 5,
980 3346 1017 3410 ut
1048 3343 1187 3431 aliquas
1213 3363 1258 3414 ex
1315 3331 1318 3339 ¹

238 3616 262 3672 l.
284 3615 411 3673 Aristid.
429 3615 487 3683 (ed.
501 3615 636 3685 Dindorf‚
652 3617 675 3673 t.
692 3619 711 3684 l,
729 3633 759 3688 p.
777 3617 849 3682 loa.)
1067 3661 1070 3666 ,

235 3699 261 3756 2.
283 3702 323 3756 M.
354 3704 422 3756 Aet.
458 3703 539 3756 Pbil.
574 3699 616 3757 17.
650 3703 692 3758 cl.
726 3703 849 3775 Eutrop.
880 3717 956 3772 vur,
983 3703 1038 3773 1133
1073 3705 1143 3760 Aur.
1175 3705 1254 3763 vict.

203 3787 286 3854 Epit.
302 3799 364 3854 xvr,
379 3785 405 3841 8.

236 3869 261 3926 3.
284 3870 413 3941 Capitol.
430 3872 470 3926 M.
485 3873 552 3927 Ant.
568 3874 649 3928 Pbil.
669 3870 709 3925 ll.

237 3953 263 4010 l.
281 3955 353 4023 Vlll‚
371 3954 413 4010 ll.

234 4037 261 4094 5.
283 4041 376 4109 Leges
388 4039 507 4096 addidit
519 4040 555 4096 de
565 4042 714 4097 vicesima
723 4043 940 4100 hereditatum.
954 4061 969 4097 »
983 4042 1111 4113 Capitol.
1123 4045 1199 4100 Ibtd.
1214 4045 1255 4102 ll.

198 4153 233 4164 -
243 4140 258 4176 «
273 4127 312 4180 zu
325 4125 417 4180 deren
432 4125 521 4194 larcae
531 4127 661 4198 publicae
675 4127 761 4183 urbis
772 4128 884 4198 ltomael
903 4117 1092 4184 Elnkirnsten
1107 4128 1255 4198 gehoerta‚

201 4209 385 4265 namentlich
401 4209 455 4265 der
468 4211 531 4264 Zoll
546 4225 606 4265 von
618 4211 770 4279 gewissen
785 4214 920 4268 Waaren
937 4212 1067 4284 (vopisc.
1080 4214 1184 4268 Aurel.
1198 4209 1254 4278 lt.)

200 4294 263 4351 Auf
274 4294 357 4352 diese
376 4295 437 4350 und
452 4295 600 4352 aehnliche
613 4297 832 4356 Verhaeltnisse
852 4297 973 4356 bezieht
995 4297 1070 4368 sich,
1087 4298 1159 4358 dass
1179 4298 1255 4358 uach
