3128 4962
305 337 348 404 96
589 335 591 340 ’
683 356 770 404 ruas
794 355 993 404 nosranioa.

348 481 396 545 lle
415 476 609 545 inofficioso
628 481 836 546 testamento
854 478 977 546 statuit
992 478 1141 572 feminas
1156 481 1367 548 testamento

305 593 417 681 patris
439 577 652 680 praeteritae,
678 613 744 661 non
770 596 848 680 plus
869 595 1022 661 nancisci
1046 613 1148 680 posse
1171 615 1234 681 per
1256 597 1369 662 bono*

305 731 391 778 rant
406 713 665 795 possessionem
686 716 816 780 contra
840 701 983 779 tabulas
1005 731 1110 798 quam
1126 710 1209 799 jure
1227 731 1370 780 accres-

304 825 440 895 cendil.

349 944 398 1009 Eo
418 947 534 1009 autem
556 945 732 1028 tempore,
752 941 786 1008 in
813 942 1067 1010 hereditatibus
1087 963 1165 1029 quae
1190 945 1235 1010 ab
1254 943 1369 1012 intes-

304 1061 378 1126 tato
409 1059 657 1125 deferebantur
680 1057 900 1126 notissimum
930 1061 1270 1127 senatusconsultum
1301 1062 1371 1127 Or-

303 1175 501 1262 phitianum
529 1175 640 1242 latum
671 1181 736 1242 est.
771 1178 796 1242 E
830 1174 945 1261 prisco
978 1173 1164 1251 Qniritium
1191 1175 1273 1262 jure
1304 1195 1371 1244 nec

305 1296 417 1359 mater
443 1290 579 1371 liberis,
609 1311 671 1360 nec
703 1291 811 1360 liberi·
834 1292 936 1359 matri
974 1294 1018 1359 ab
1047 1291 1213 1360 intestato
1242 1312 1370 1361 sncce-

276 1464 278 1468 .
304 1408 445 1488 debant,
462 1407 528 1474 nisi
551 1412 663 1475 mater
680 1409 721 1475 ta
744 1428 858 1475 raaaa
884 1407 999 1474 mariti
1023 1408 1144 1476 luisset
1155 1411 1180 1475 ².
1199 1409 1371 1485 Quamvis

304 1524 396 1592 enim
422 1542 466 1591 ea
488 1525 782 1606 materfamilias
806 1524 993 1605 diceretur,
1019 1525 1152 1590 nullum
1173 1523 1234 1611 jus
1258 1524 1371 1592 exiis

303 1639 458 1707 habebat
474 1657 552 1725 quae
566 1640 609 1705 ad
627 1639 919 1725 patremfamilias
935 1638 1179 1732 pertinebant:
1194 1663 1211 1702 ‹<
1228 1639 1368 1723 Mulier,

263 1801 266 1808 .
304 1753 447 1822 aiebant
457 1755 665 1840 prudentes,
683 1755 828 1823 familiae
846 1775 919 1822 suae
935 1760 969 1823 et
986 1761 1093 1841 caput
1112 1759 1147 1823 et
1165 1754 1245 1823 finis
1263 1758 1329 1823 est.
1348 1781 1367 1819 »

304 1869 404 1945 Quod
423 1870 459 1935 ut
477 1871 571 1937 bona
588 1869 622 1935 in
639 1869 764 1937 iisdem
784 1869 947 1955 gentibus
965 1874 1213 1959 permanerent
1235 1870 1372 1938 consti-

303 1988 415 2052 tutum
438 1987 550 2052 erati.
575 1988 711 2052 Praetor
737 1987 875 2071 quidem
902 1987 1079 2072 supplere,
1097 1985 1167 2053 imo
1186 1986 1371 2071 corrigere

297 2100 358 2188 jus
375 2099 477 2168 civile
494 2100 618 2168 solitus
635 2101 679 2167 ad
702 2106 858 2168 mutuam
880 2100 1135 2168 successionem
1161 2108 1308 2169 matrem
1335 2106 1373 2168 et

302 2216 434 2285 liberos
448 2215 485 2283 in
502 2216 624 2284 ordine
638 2222 877 2302 cepnatoram
891 2217 1043 2298 vocavit,
1057 2236 1159 2304 quem
1174 2217 1250 2304 ipse
1265 2237 1372 2285 crea-

303 2335 405 2398 verat
424 2335 458 2399 et
476 2337 557 2419 post
570 2332 721 2398 heredes
739 2338 874 2400 suaset
892 2336 1045 2417 apaatos
1063 2330 1202 2399 tertium
1220 2330 1369 2398 fecerat.

304 2447 454 2534 Cognati
474 2466 541 2514 non
564 2448 709 2515 heredes
731 2449 874 2536 proprie
893 2446 993 2529 dicti,
1013 2448 1073 2515 sed
1097 2449 1269 2515 bonorum
1290 2449 1372 2514 tan·

303 2567 376 2630 tuni
392 2582 611 2650 possessores
628 2568 743 2631 erant.
758 2564 961 2632 Remedium
976 2582 1061 2631 sane
1078 2563 1266 2630 infirmum.
1283 2564 1371 2630 cnm

302 2678 442 2766 pristini
461 2697 575 2747 mores
599 2683 633 2746 et
655 2679 800 2765 antiqua
825 2679 861 2746 in
886 2678 1035 2747 feminas
1058 2677 1253 2746 diffidentia
1275 2697 1371 2766 pau-

340 2953 365 3009 1.
386 2953 462 3020 Gai,
481 2953 544 3022 ll,S
568 2951 627 3007 131.
646 2951 689 3007 (lt.
706 2951 840 3022 Theoph.
857 2952 892 3019 ll,
911 2949 952 3017 15,
972 2951 985 3016 S
1005 2951 1038 3023 33
1062 2953 1082 3007 l.
1099 2950 1126 3019 1,
1142 2952 1172 3006 (l.
1188 2952 1224 3021 J.,
1244 2954 1283 3006 de
1298 2953 1370 3008 Lib.

297 3043 402 3108 prat,
418 3035 445 3103 6,
462 3037 505 3094 28.
523 3040 555 3094 ln
574 3038 632 3093 hac
652 3037 719 3106 lege
733 3035 785 3092 alil
804 3035 910 3105 legunt
928 3053 944 3090 «
957 3039 1066 3106 Maeni
1078 3055 1104 3102 »,
1121 3037 1173 3092 alil
1190 3053 1205 3091 «
1221 3039 1324 3092 Marci
1341 3057 1370 3094 ».

304 3126 378 3180 curn
394 3124 487 3179 Gaius
500 3124 578 3178 hanc
589 3124 709 3193 partem
720 3122 1014 3178 Commentariorum
1029 3122 1164 3194 scripsit,
1181 3123 1370 3178 Antoninum

303 3209 390 3263 Pium
405 3209 472 3278 jam
496 3207 683 3273 defunctum,
699 3207 810 3277 probat
829 3206 842 3265 t
865 3205 915 3261 135
934 3207 1032 3277 ejusd.
1057 3207 1138 3262 libri.
1156 3237 1188 3248 -—
1205 3211 1244 3262 lle
1262 3208 1369 3262 aucto·

303 3295 399 3349 ritate
423 3293 468 3348 rei
486 3292 634 3363 judicatae
656 3293 686 3347 in
709 3293 904 3348 testamentis
925 3283 1105 3348 inofficiosis
1125 3291 1188 3347 vid.
1207 3293 1228 3347 l.
1251 3291 1293 3359 17,
1310 3291 1324 3352 S
1342 3291 1369 3362 1,

304 3378 336 3433 ot
351 3377 370 3433 l.
389 3376 430 3445 18,
447 3380 485 3432 de
505 3377 596 3445 Iaoff.
613 3381 690 3445 tect,
709 3374 736 3444 5,
759 3376 785 3431 1.
806 3377 837 3432 ln
861 3376 1079 3433 constitutione
1101 3377 1142 3431 ibi
1159 3375 1285 3432 laudata
1300 3378 1371 3432 Divi

303 3464 427 3518 Fratres
442 3461 612 3518 admittunt
626 3462 705 3531 qnod
720 3461 810 3516 hodie
832 3462 1027 3517 nominatur:
1044 3459 1172 3516 Thenete
1184 3464 1227 3516 du
1241 3465 1370 3517 eontra-

304 3549 426 3602 dtctear
441 3545 587 3615 lepttime.
604 3575 638 3586 -
654 3549 694 3600 lle
715 3545 959 3600 fideicommissis
982 3544 1044 3599 vid.
1066 3545 1086 3599 1.
1108 3542 1152 3609 67,
1175 3543 1188 3606 S
1211 3542 1253 3612 10,
1272 3546 1316 3608 1).,
1330 3547 1372 3599 de

305 3635 430 3702 Lapatia
443 3635 477 3698 ll,
488 3633 539 3704 31;
560 3634 579 3688 1.
593 3631 638 3696 39,
654 3629 955 3699 u.‚aeLep.111.32;
971 3631 989 3684 l.
1005 3630 1031 3698 3,
1046 3633 1089 3695 D.,
1104 3633 1142 3685 de
1158 3631 1244 3692 Test,
1260 3631 1370 3698 milit,

304 3715 348 3784 29,
365 3717 388 3773 l.
406 3748 438 3758 -
455 3720 496 3772 De
511 3717 675 3773 heredibus
695 3716 830 3784 indignis
846 3715 908 3770 vid.
925 3716 944 3770 l.
959 3713 986 3782 5,
1003 3715 1016 3778 S
1032 3713 1081 3779 19;
1097 3715 1116 3769 l.
1137 3713 1177 3782 la,
1199 3716 1244 3782 D.,
1260 3716 1304 3767 De
1318 3715 1372 3768 ais

305 3816 372 3873 quaa
386 3807 419 3857 at
434 3803 585 3871 iadipata
600 3801 644 3868 31,
658 3799 682 3855 3.
695 3803 779 3856 -De
794 3799 930 3856 aditione
945 3799 1205 3866 hereditatisquae
1221 3797 1373 3854 solvendo

305 3900 365 3941 non
381 3887 458 3954 erat,
475 3886 537 3941 vid.
555 3886 573 3942 l.
592 3886 617 3953 7,
634 3885 647 3949 S
665 3885 712 3957 17;
734 3886 743 3941 l
770 3885 796 3953 8,
819 3883 845 3950 9,
863 3883 905 3951 10,
926 3886 971 3949 1).,
988 3887 1025 3937 de
1037 3879 1156 3948 Paccio,
1174 3881 1200 3951 2,
1220 3880 1260 3937 11.

339 3969 365 4026 3.
387 3973 459 4026 curn
475 3985 554 4027 uxor
566 3973 600 4026 ia
614 3986 710 4027 mana
728 3971 788 4026 viri
804 3970 896 4037 esset,
913 3969 980 4024 viro
995 3969 1061 4024 loco
1076 3969 1157 4036 llliae,
1175 3968 1281 4024 liberis
1301 3968 1374 4025 loco

305 4058 421 4115 sororis
436 4059 513 4115 erat.

340 4143 367 4199 3.
387 4142 488 4199 Veluti
503 4142 665 4198 mulierum
682 4141 782 4196 tutela
795 4141 956 4212 perpetua,
975 4139 1053 4207 logis
1067 4137 1208 4194 Voconiae
1224 4138 1372 4209 prohibi-

265 4284 267 4288 ,
305 4227 417 4297 tiones,
435 4227 493 4282 ete.
