3114 4958
283 379 326 446 14
511 449 514 458 ,
694 399 781 446 ruas
804 401 921 448 raros.

506 457 517 489 ,.

324 521 468 608 Aliquot
487 523 568 608 post
594 521 699 590 anais
717 523 774 603 (A.
801 524 840 589 D.
869 521 962 612 166),
980 527 1020 591 L.
1041 527 1154 592 Verus
1180 530 1344 594 senatum

280 637 423 724 rogavit
439 641 477 705 ut
492 637 624 724 gemini
645 639 754 706 Marci
769 638 853 720 filii,
877 643 915 707 L.
932 641 1140 708 Commodus
1155 645 1190 709 et
1206 641 1344 710 Annius

281 747 398 821 Ve'rus
435 755 592 822 Caesares
623 755 878 835 salutarentnr;
911 756 992 823 inde
1019 757 1177 824 effectum
1209 762 1342 842 estut,

280 869 381 937 brevi
396 869 565 957 temporis
576 869 704 957 spatio,
720 870 788 938 duo
807 870 955 955 Augusti
972 874 1008 940 et
1024 872 1182 940 Caesares
1199 873 1268 941 duo
1282 874 1344 941 im-

280 984 419 1073 perium
434 984 620 1064 tenuerint,
638 991 674 1054 et
690 987 896 1054 tetrarchia
910 987 1026 1073 qualis
1042 987 1167 1056 deinde
1182 988 1344 1057 suitDio-

280 1096 425 1170 cletiani
441 1106 599 1188 tempore
615 1102 804 1170 constitute
816 1103 882 1183 sit;
902 1105 978 1170 haec
992 1123 1131 1191 quoque
1146 1097 1341 1174 similitudo

279 1203 453 1299 n'otanda3
485 1220 523 1285 ut
549 1218 790 1286 Diocletianus
811 1223 935 1306 postea
963 1220 1111 1288 alterum
1143 1222 1341 1306 Augustum

280 1333 544 1414 Maximianum,
561 1334 611 1401 sic
627 1336 672 1400 M.
692 1335 886 1404 Antoninus
905 1339 944 1403 L.
967 1339 1097 1404 Verum
1116 1355 1255 1424 semper
1275 1357 1343 1408 an-

234 1489 237 1496 .
281 1450 432 1517 lecessit.
456 1453 589 1532 Forsan
608 1453 643 1516 et
667 1447 929 1537 provinciarum
946 1451 1072 1519 divisio
1089 1454 1213 1520 effecta
1233 1458 1339 1535 esset,

281 1565 316 1632 ni
328 1568 453 1644 VeruS,
465 1566 525 1651 qui
541 1565 636 1633 solus
653 1566 688 1632 in
701 1567 877 1635 Orientem
891 1567 1016 1635 missus
1030 1573 1107 1636 erat
1123 1569 1169 1636 ad
1184 1571 1342 1636 Parthos

246 1714 250 1721 ·
281 1680 524 1763 debellandos,
543 1700 580 1748 se
608 1682 747 1769 imperii
773 1683 871 1750 oneri
897 1684 1068 1770 imparem
1094 1685 1339 1771 praestitisset,

281 1797 361 1864 dein
393 1800 530 1863 mature
556 1796 711 1863 obiisset.
745 1801 838 1866 Unus
870 1799 1100 1881 Commodus,
1137 1804 1266 1887 patruo
1305 1804 1342 1866 et

280 1912 382 1978 fratri
411 1914 606 1998 superstes,
631 1931 831 1999 quanquam
859 1915 1157 1996 adolescentulus,
1188 1915 1341 1982 tribuni-

280 2027 367 2094 tiam
382 2030 591 2114 potestatem
611 2027 776 2114 adeptus,
803 2049 886 2126 mor¹
902 2032 1093 2116 Augustus,
1115 2030 1195 2096 vivo
1211 2033 1338 2117 patre,

282 2143 394 2210 factus
412 2145 501 2210 estl.
842 2216 844 2222 ,

326 2241 562 2335 Quamobrem
591 2280 613 2327 a
638 2263 754 2328 Marco
782 2262 956 2330 Antonino
986 2261 1197 2349 principium
1225 2264 1341 2349 repeti

279 2378 395 2463 potest
412 2379 442 2463 ej
450 2395 488 2444 us
507 2374 646 2463 imperii
662 2376 844 2445 divisionis
860 2398 956 2464 quae,
976 2398 1045 2445 non
1064 2379 1138 2446 sine
1160 2378 1341 2446 intermis-

281 2487 378 2558 sione
404 2491 574 2579 primum,
604 2492 682 2559 dein
708 2492 905 2573 ordinaria,
932 2498 1012 2580 post
1038 2495 1271 2562 Theodosium
1302 2495 1340 2561 in

247 2666 249 2670 .
281 2611 486 2695 perpetuam
505 2607 600 2676 orbis
616 2608 753 2676 romani
770 2609 957 2678 sectionem
973 2612 1097 2680 evasit.

326 2726 377 2790 Ex
398 2722 442 2790 iis
461 2743 539 2808 quae
556 2723 798 2810 exposuimus,
817 2724 1047 2811 intelligimus
1064 2727 1169 2795 etiam
1188 2749 1257 2814 qua
1277 2749 1341 2796 ra-

282 2841 376 2909 tione
389 2840 497 2909 Marci
510 2838 643 2906 Aurelii
658 2840 774 2907 edicte
785 2842 841 2907 vel
857 2840 1027 2927 rescripta
1042 2845 1104 2910 aut
1118 2837 1182 2911 sub
1199 2844 1339 2913 nomine

282 2955 357 3044 ejus
375 2955 529 3042 Verique
547 2952 620 3044 (qui
644 2938 733 3023 Dici
756 2957 913 3024 Fratres
934 2957 1063 3044 saepius
1085 2958 1337 3050 appellantur),

283 3077 339 3142 aut
360 3072 436 3161 ejus
457 3073 576 3154 unius,
599 3076 660 3141 aut
682 3073 757 3160 ejus
775 3074 1021 3162 commodique
1040 3095 1104 3163 pro
1123 3077 1340 3163 temporibus

281 3189 350 3257 sint
374 3212 381 3258 :
406 3209 486 3277 quae
510 3194 627 3258 tamen
651 3194 777 3258 cuncta
798 3192 995 3279 promiscue
1021 3196 1059 3260 ut
1080 3194 1200 3260 Nostri
1228 3212 1340 3280 opera

281 3308 505 3384 considerare
524 3309 617 3388 lieet,
636 3312 781 3395 propter
800 3308 884 3376 Veri
901 3309 1071 3376 desidiam
1090 3310 1340 3396 commodique
1384 3314 1388 3322 ’

280 3425 481 3512 pueritiam.
511 3463 552 3476 -
578 3427 649 3493 Nec
677 3425 886 3494 mediocrem
914 3425 1114 3512 partemin
1140 3427 1258 3494 multis
1283 3427 1356 3494 Pii·

280 3541 586 3611 constitutionibus
608 3541 774 3610 habuisse
793 3561 872 3610 eum
893 3533 1084 3611 uerisimile
1108 3546 1176 3624 est,
1200 3563 1278 3612 cum
1302 3545 1339 3611 in

317 3829 340 3886 l.
362 3831 455 3892 Quem
475 3843 681 3886 successorem
704 3828 783 3898 quod
803 3826 949 3896 elegisset
970 3843 1179 3898 saepenumero
1191 3818 1339 3885 'historici

278 3915 414 3970 Marcum
434 3915 668 3983 incusaverunt,
688 3915 791 3984 inique
815 3914 918 3970 autem
934 3931 940 3969 :
957 3927 1029 3968 nam
1044 3913 1145 3969 minor
1160 3915 1256 3970 eti-am
1272 3913 1338 3970 turn

278 3999 391 4068 viginti
415 4000 503 4056 annis
527 4001 595 4057 erat
616 4001 794 4071 cumpater
820 4001 919 4054 morte
945 3999 1100 4055 extinctus
1123 3999 1180 4056 est.
1197 4000 1339 4055 Atrocem

279 4083 414 4140 animum
430 4085 468 4141 ab
488 4085 621 4141 infantia
635 4101 704 4142 eum
721 4084 893 4142 ostendisse
908 4083 1031 4149 dicitur,
1051 4085 1154 4140 neseio
1171 4098 1338 4156 enparum

279 4168 378 4241 recte;
395 4183 502 4225 verum
515 4170 615 4238 Titus,
630 4169 747 4226 deliciae
768 4169 890 4240 generis
905 4169 1045 4238 humani,
1062 4169 1094 4224 et
1110 4169 1176 4241 ipse
1191 4168 1339 4226 crudelis·

283 4255 379 4313 simus
392 4256 527 4328 primum
538 4246 651 4312 fuerat.
