3128 4962
307 361 350 432 70
683 379 770 429 rans
793 379 992 430 rosruaron.
1109 425 1116 436 ,

309 505 457 592 adeptos
486 503 657 572 videmus.
689 501 827 570 iamdiu
852 501 912 590 jus
941 501 1079 590 publice
1109 506 1231 572 Romae
1257 506 1368 576 doce·
1482 515 1486 522 '

306 623 424 690 batur.

353 738 422 804 Sub
439 733 619 802 Hadriano
633 733 813 822 praecipue
827 732 971 820 ejusque
986 735 1244 805 successoribus
1256 758 1369 826 usque

307 853 353 920 ad
383 857 531 918 mortem
562 849 755 916 Alexandri
786 850 904 916 Severi
935 829 1254 938 clariussplendet
1289 856 1368 922 haec

306 967 468 1037 scientia.
488 1002 530 1016 -
548 967 618 1033 Sub
633 968 750 1033 Marco
768 965 944 1032 Antonino
960 964 1019 1033 ille
1036 967 1144 1034 Gaius
1162 969 1250 1036 vixit
1266 970 1369 1057 cujus

307 1101 418 1172 opera
432 1101 510 1150 oum
526 1079 729 1168 Papiniani,
748 1081 931 1170 Paulique,
949 1080 1158 1169 Ulpianique
1175 1089 1210 1152 et
1227 1087 1368 1154 Modes-

306 1199 371 1268 tini
392 1197 491 1266 libris
515 1196 605 1282 legis
628 1195 874 1266 anctoritatem
894 1199 1019 1283 postea
1042 1200 1253 1269 hahuerunt.
1277 1203 1369 1271 Cer·

307 1319 379 1383 tum
400 1317 453 1382 est
470 1312 573 1402 hujus
589 1310 705 1380 aetatis
719 1312 949 1399 prudentibus
961 1313 1195 1402 philosophiae
1212 1317 1368 1387 studium

307 1431 453 1498 multum
470 1428 657 1517 profuisse,
678 1428 872 1516 praesertim
891 1429 1022 1498 stoicae.
1044 1433 1192 1499 Paulum
1211 1453 1307 1516 vero,
1330 1439 1370 1502 ut

307 1535 446 1634 opinor,
466 1547 586 1614 stoicae
603 1545 798 1632 disciplinae
817 1545 943 1632 injure
960 1548 1202 1616 constituendo
1223 1551 1369 1618 effectus

308 1662 513 1750 amplificati
528 1666 620 1730 sunt.
639 1664 729 1731 Nam
745 1662 956 1730 mutationes
973 1683 1052 1750 quae
1069 1669 1141 1730 tum
1158 1670 1239 1733 sunt
1254 1666 1370 1740 intro-

307 1781 434 1862 ductae,
448 1780 551 1846 valde
566 1776 697 1846 rationi
713 1797 901 1864 congruas,
921 1781 965 1848 ah
982 1780 1143 1848 omnihus
1159 1782 1369 1854 considera-

307 1896 353 1964 tis
371 1895 456 1963 viris
473 1896 690 1983 approbatas
710 1893 816 1961 luisse
836 1895 1046 1963 credendum
1066 1909 1141 1965 est:
1158 1904 1194 1966 et
1209 1898 1366 1969 Hadria-

308 2032 373 2080 nus
403 2029 603 2099 quanquam
633 2009 776 2098 Epicnri
807 2015 961 2079 sectator
992 2013 1146 2100 plurima
1175 2014 1211 2081 in
1240 2015 1369 2084 melius

307 2126 516 2204 immutavit.
535 2129 607 2195 Nec
625 2126 743 2194 verius
761 2126 899 2194 videtur
919 2129 1038 2197 omnia
1054 2130 1257 2204 christianae
1278 2132 1368 2202 reli-

306 2243 405 2332 gioni
423 2242 620 2325 ascribere,
643 2243 717 2310 lere
744 2243 876 2330 ignotae
897 2263 978 2312 eum
1002 2245 1059 2314 hie
1075 2244 1368 2336 jurisprudentiae

308 2358 474 2450 splendor
491 2357 654 2446 incepltl.
676 2361 744 2426 Per
761 2360 882 2427 orbem
896 2359 972 2448 jam
996 2367 1066 2430 tum
1085 2364 1195 2434 multa
1211 2364 1368 2452 aequita-

307 2476 352 2544 tis
370 2479 551 2564 praecepta
572 2474 858 2544 diffundebantur
879 2497 957 2562 quae
981 2479 1110 2548 nullius
1131 2481 1368 2571 philosophiae

308 2598 370 2662 aut
387 2591 569 2680 religionis
583 2592 729 2678 propria
743 2591 811 2659 dici
827 2599 1004 2679 poteraut,
1021 2616 1100 2683 quae
1111 2601 1230 2665 tamen
1243 2598 1367 2669 Chris-

308 2709 396 2778 tiani
417 2716 548 2777 etcum
573 2707 617 2776 iis
640 2707 747 2776 Stoici
769 2709 892 2776 melius
914 2730 1019 2800 quam
1041 2711 1102 2778 alii
1125 2713 1365 2800 dispexerunt.

309 2826 469 2893 Ceterum
483 2823 624 2891 minime
644 2823 770 2910 negari
784 2830 947 2910 potestat
960 2827 1368 2914 multosjurisconsultos

309 2940 430 3008 stoicae
441 2937 677 3027 philosophiae
689 2939 874 3018 studuisse,
891 2947 925 3008 et
937 2959 1014 3008 eam
1029 2943 1183 3012 maxime
1195 2945 1264 3012 illis
1278 2965 1368 3016 con-

346 3133 370 3190 l.
392 3131 475 3198 Quod
497 3131 536 3187 ad
558 3131 762 3188 christianam
778 3133 957 3204 religionem
980 3135 1107 3206 attinet,
1122 3137 1185 3194 vid.
1201 3141 1366 3212 Troplong,

309 3221 368 3288 (De
388 3218 563 3286 l'iulluence
583 3221 626 3273 du
639 3219 889 3274 ·Chriotiuuisme
908 3234 964 3275 sur
981 3221 1009 3274 le
1029 3223 1111 3276 droit
1133 3223 1206 3278 civil
1229 3227 1284 3279 cles
1307 3228 1366 3282 Ro-

309 3305 438 3369 muias.)
454 3305 478 3358 A
495 3315 552 3372 quo
568 3302 635 3372 ejus
650 3301 681 3356 in
697 3302 768 3372 jure
788 3303 1001 3360 commutando
1023 3305 1087 3360 vim
1105 3308 1231 3364 nimium
1252 3309 1367 3386 elatam

308 3392 395 3463 puto.
409 3390 482 3443 Eam
498 3387 607 3442 contra
618 3386 710 3459 plane
725 3389 819 3456 negat
832 3389 864 3442 E.
878 3389 982 3444 Renan
999 3407 1004 3445 :
1031 3405 1046 3442 ‹<
1062 3392 1105 3446 On
1120 3405 1139 3446 a
1152 3392 1302 3463 protendu
1317 3394 1369 3450 de·

310 3474 437 3530 eouvrir
457 3487 516 3528 une
534 3471 682 3528 influente
703 3472 879 3527 chretienne
900 3473 977 3530 dans
998 3489 1031 3530 ce
1054 3475 1151 3544 grand
1173 3479 1303 3549 prognes
1326 3478 1367 3554 du

309 3560 396 3616 Droit
412 3558 542 3615 romain.
559 3559 633 3613 ltien
649 3556 686 3612 de
701 3557 771 3629 plus
785 3563 856 3627 grat
878 3559 913 3613 it.
929 3559 984 3615 Les
1001 3559 1084 3616 ideas
1099 3561 1153 3617 des
1167 3562 1321 3620 chrotiens
1336 3567 1369 3621 et

310 3646 354 3703 les
369 3645 454 3701 ideas
469 3644 523 3700 des
539 3643 777 3713 jurisconsultos
792 3643 909 3700 etaient
931 3660 993 3701 aux
1011 3646 1093 3703 deux
1112 3647 1197 3720 poles
1220 3650 1367 3722 opposes3

309 3732 362 3789 uul
374 3733 505 3803 rapport
519 3731 607 3786 entre
625 3730 668 3786 les
684 3730 765 3786 deux
780 3731 890 3801 aeoles,
906 3731 932 3788 si
948 3747 982 3787 ce
1002 3733 1080 3789 u'est
1097 3733 1151 3791 des
1170 3742 1315 3807 rapports
1330 3735 1368 3792 de

309 3815 524 3872 malveillance
531 3830 539 3888 ;
552 3829 609 3887 pas
618 3830 658 3871 uu
670 3814 926 3887 rapprochement
937 3817 1061 3873 serieux
1069 3819 1156 3874 entre
1168 3819 1212 3875 les
1221 3821 1334 3876 textes.
1350 3837 1367 3874 >›

309 3900 536 3967 Marc-Aurea,
553 3916 583 3973 p.
600 3899 644 3956 23.
660 3899 751 3956 Nulla
761 3900 947 3956 auctoritate
956 3901 1037 3973 apud
1043 3903 1125 3973 juris
1136 3904 1254 3976 peritos
1266 3905 1367 3961 chris·

311 3986 415 4043 tianos
441 3986 508 4043 tum
530 3985 643 4042 fruitus
666 3984 811 4042 latemur.
835 3985 893 4042 Sed
917 3984 1088 4044 christiana
1113 3987 1223 4057 religio
1240 3989 1307 4059 jam
1328 3989 1368 4048 ud

311 4085 414 4128 mores
429 4071 609 4128 formandos
624 4069 754 4126 multum
774 4068 920 4143 pollebat,
937 4071 1080 4140 aquibus
1095 4072 1148 4142 Jus
1162 4087 1284 4146 semper
1303 4074 1367 4136 ori.-

314 4158 415 4230 ginem
430 4157 513 4229 cepit
540 4157 710 4213 Stoicorum
721 4158 753 4212 et
767 4155 1008 4214 Christianorum
1020 4157 1052 4212 in
1066 4157 1173 4214 Ethioa
1184 4159 1319 4232 plurima
1333 4159 1370 4220 si·

311 4242 398 4300 milia
412 4243 512 4300 erant.
529 4241 573 4299 cl.
588 4240 728 4298 eumdem
743 4240 910 4312 auctorem,
925 4241 1012 4308 thid,
1028 4255 1057 4314 p.
1073 4238 1136 4299 583.

396 4670 1128 4928 ,Α
