3128 4962
312 357 376 426 104
600 341 603 348 ¹
686 373 773 424 rens
796 372 996 424 rosranroa.
1112 393 1114 396 -

312 502 412 569 actor
436 517 534 567 reum
558 499 724 565 monebat
748 495 927 585 petitionis
952 496 1189 584 propositum,
1214 496 1316 592 sicut-i
1341 499 1377 565 et

312 614 418 684 hodie
435 615 470 682 in
487 615 602 683 Gallia
618 615 673 697 lit,
694 619 728 682 et
748 613 805 699 qui
824 614 902 680 titis
923 613 1157 680 denuntiatio
1174 613 1376 700 appellatus

314 733 404 799 esti.

354 845 572 934 Capitolinus
598 845 693 912 haud
712 843 886 912 immerito
912 843 1033 911 scribit
1056 863 1134 911 eum
1156 843 1375 928 singularem

305 960 507 1049 judiciariae
532 960 583 1028 rei
609 960 827 1046 diligentiam
853 958 1094 1038 adhibuissem
1120 961 1156 1027 et
1178 959 1377 1028 causidicos

310 1076 462 1163 benigne
479 1077 671 1159 audivisse,
693 1055 891 1144 mensuram
909 1093 1012 1162 aquae
1031 1074 1210 1161 copiosam
1227 1075 1271 1142 iis
1288 1095 1377 1142 con·

311 1191 503 1260 cedentem.
522 1194 566 1260 Ut
586 1191 715 1277 saepius
734 1191 793 1278 jus
817 1190 885 1258 dici
906 1195 1041 1277 posset,
1065 1190 1165 1258 tastis
1182 1190 1257 1258 dies
1275 1190 1376 1278 judi·

311 1305 440 1374 ciarios
465 1307 616 1390 addidit,
640 1307 691 1374 ita
718 1312 757 1374 ut
782 1307 948 1374 ducentos
970 1306 1119 1391 triginta
1141 1306 1216 1374 dies
1237 1325 1375 1375 annuos

309 1423 415 1490 rebus
430 1423 578 1508 agendis
594 1422 783 1509 litibusque
797 1421 1034 1511 disceptandis
1050 1421 1310 1491 constituereti.
1331 1425 1375 1490 Et

310 1537 412 1605 simul
424 1539 640 1624 litigantium
652 1538 806 1607 omnium
818 1538 962 1606 utilitati
974 1539 1121 1626 provide
1132 1539 1371 1607 consulebant.

346 1789 371 1844 l.
391 1785 493 1842 Aurei.
510 1785 600 1853 vict,
618 1787 656 1839 cte
670 1783 836 1853 Coos.,xv1,
852 1781 879 1838 9.

345 1869 371 1928 Ξ.
392 1872 432 1926 Μ.
450 1872 519 1924 Aut.
535 1869 619 1924 Phil.
639 1867 679 1922 lo.
696 1898 727 1907 -
747 1870 812 1923 Dio.
833 1881 920 1935 uxxr,
935 1866 952 1922 o
970 1886 976 1924 :
994 1869 1194 1941 «Imperator
1215 1872 1335 1941 quoties
1355 1888 1376 1929 a

309 1955 397 2012 bellis
413 1954 556 2020 vacabat,
568 1953 621 2026 jns
637 1953 768 2008 dicebat.
788 1958 818 2009 ln
833 1953 933 2009 causi·
948 1957 1051 2009 autem
1065 1955 1232 2023 diligenter
1245 1943 1373 2027 cognos-

308 2039 412 2096 cendis
425 2042 517 2108 atque
532 2037 748 2093 examinandis
761 2036 852 2108 paulo
865 2041 931 2094 erat
947 2037 1077 2107 longior,
1089 2053 1148 2108 quo
1160 2041 1280 2109 justum
1291 2043 1376 2098 omni

310 2127 453 2196 exparte
468 2122 676 2191 investigaret
691 2141 698 2178 :
716 2136 785 2177 nam
801 2122 960 2178 decadem
975 2138 1069 2180 cansa
1086 2125 1151 2181 dies
1167 2140 1247 2196 saepe
1267 2141 1301 2182 x1
1321 2127 1378 2183 aut

308 2224 364 2276 ΧΗ,
381 2207 546 2278 aliquando
559 2209 654 2263 otiam
672 2209 762 2263 noctu
778 2208 933 2275 cognovit.
947 2225 963 2262 »
974 2209 1049 2264 Add.
1063 2208 1082 2263 l.
1095 2208 1138 2276 22,
1155 2213 1200 2276 D.‚
1213 2214 1256 2267 ad
1271 2213 1378 2268 Solum

311 2294 545 2351 Trebellianum
557 2290 601 2360 36,
625 2291 648 2358 l,
665 2292 716 2347 ubi
733 2307 752 2348 a
766 2293 869 2348 Marco
884 2293 1069 2349 sententiam
1085 2295 1117 2350 in
1130 2295 1284 2352 auditorio
1303 2311 1375 2368 pro-

312 2376 487 2433 nuntiatam
504 2374 610 2431 laudat
625 2377 773 2432 Scaevola.

344 2461 372 2518 3.
393 2459 522 2532 capitol.
538 2461 614 2516 iota.
628 2489 663 2502 —
685 2461 993 2532 crollet-numanam,
1019 2463 1046 2518 lc
1067 2467 1214 2520 Barreau
1235 2467 1376 2537 romain,

314 2543 363 2601 lto
378 2545 410 2602 et
426 2543 485 2600 lto.

346 2629 373 2686 l.
397 2646 413 2683 <‹
438 2633 481 2686 Ne
504 2630 573 2699 quis
595 2630 741 2687 messium
765 2630 1052 2702 vindemiarumque
1069 2634 1208 2704 tempore
1229 2634 1378 2691 adversa·

311 2715 391 2772 rium
411 2715 502 2784 cogat
517 2714 556 2770 ad
573 2715 725 2785 judicium
740 2715 846 2771 venire
861 2717 1000 2773 oratione
1016 2720 1048 2773 D.
1065 2719 1161 2774 Marci
1176 2719 1376 2791 exprimitur.

313 2801 390 2872 Sane
406 2800 525 2869 quoties
546 2815 595 2856 res
615 2804 722 2869 urget,
738 2802 867 2870 cogendi
888 2802 1008 2871 quidem
1028 2817 1133 2860 sumus
1151 2805 1190 2860 ad
1209 2811 1377 2876 praetorem

313 2885 428 2953 venire,
445 2899 552 2940 verum
567 2885 607 2940 ad
627 2885 684 2940 hoc
704 2887 825 2942 tantum
837 2887 905 2954 cogi
921 2899 1041 2954 aequum
1053 2890 1102 2945 ast
1115 2890 1148 2945 ut
1164 2889 1202 2945 lis
1218 2889 1375 2947 conteste-

314 2969 400 3025 turt..
416 2985 433 3024 »
447 2970 477 3025 L.
497 2969 521 3040 l,
534 2972 578 3041 D.‚
593 2973 631 3025 de
646 2971 761 3042 Feriis,
777 2970 805 3039 2,
822 2969 862 3026 lt.
