3128 4962
317 409 360 483 50
728 425 816 474 rans
838 427 954 476 rurore.

317 556 476 640 tempore
504 551 624 634 erant,
660 553 762 618 notos
791 568 878 617 esse.
911 551 1002 617 Gens
1029 547 1120 616 enim
1147 548 1371 630 iudeorum,

318 667 494 738 atrocibus
511 666 611 735 bellis
629 666 803 752 quondam
819 667 966 743 famosa,
985 683 1055 732 non
1071 663 1178 732 semel
1194 663 1376 734 debellata

318 789 353 852 et
366 803 430 872 per
446 786 556 852 totum
572 784 691 850 orbem
708 786 882 850 terrarum
896 800 1023 868 sparsa
1037 781 1152 847 luerat
1167 801 1177 845 ε
1191 798 1235 847 ne
1252 799 1376 848 roma-

318 919 400 967 num
419 899 545 987 jugum
567 897 760 968 cervicibus
784 900 962 964 excuteret
983 915 1053 962 non
1069 894 1147 982 jam
1169 894 1373 976 timebatur,

317 1036 381 1085 nec
406 1021 527 1085 vetera
552 1015 691 1102 imperii
719 1017 914 1102 praecepta,
945 1030 966 1078 a
993 1011 1130 1090 Tiberio
1158 1010 1377 1096 Claudioque

318 1133 492 1218 quondam
517 1132 685 1200 adversus
702 1149 762 1200 eos
779 1128 945 1211 exercita,
971 1146 994 1194 a
1014 1126 1230 1214 principibus
1250 1125 1376 1212 philo-

318 1246 439 1334 sophis
463 1249 707 1316 servabantur.
733 1243 899 1314 Nonnulli
930 1241 1109 1312 credidere
1137 1239 1268 1310 Judaeis
1299 1243 1376 1307 tum

317 1363 547 1452 imperatores
564 1363 694 1430 lavisse
713 1361 808 1448 quod
822 1363 857 1427 et
876 1357 1082 1427 Christianis
1096 1357 1227 1425 inimici
1242 1360 1373 1424 essent.

317 1482 390 1548 Hoc
417 1481 480 1546 sub
507 1479 646 1546 iuliano
678 1497 819 1557 verum;
852 1477 915 1544 sub
941 1475 1126 1544 Antoninis
1148 1473 1212 1542 tali
1238 1470 1375 1540 auxilio

319 1595 487 1664 adversus
506 1595 654 1663 humiles
670 1594 827 1662 subditos
842 1612 912 1661 non
928 1592 1146 1678 indigebant.

362 1714 407 1780 Ut
433 1712 477 1778 de
503 1709 732 1795 religionibus
761 1709 1023 1790 concludam,
1051 1726 1094 1775 ne
1124 1704 1375 1774 obliviscamur

319 1829 383 1897 sub
395 1829 512 1896 Marco
525 1826 666 1894 Aurelio
683 1829 829 1894 Romam
848 1831 1035 1893 extraneos
1048 1825 1178 1906 cultus,
1196 1820 1375 1909 praecipue

320 1963 363 2012 en
381 1946 549 2030 AEgypto,
571 1942 786 2010 introductos
803 1945 865 2010 aut
880 1941 1062 2028 republica
1077 1943 1236 2026 receptos
1251 1935 1372 2005 inisse.

320 2058 434 2146 Major
468 2057 662 2126 auctoritas
691 2076 888 2144 graecarum
917 2055 1201 2144 superstitionum
1236 2070 1375 2139 semper

319 2176 429 2244 erati.
443 2173 624 2260 Praecipue
640 2174 733 2260 apud
748 2173 898 2252 Orientis
915 2171 1115 2260 provincias
1130 2173 1269 2240 Marcus
1281 2185 1372 2254 gra-

320 2293 375 2363 tus
394 2287 495 2371 suita,
513 2289 624 2374 neque
642 2287 789 2356 Avidius
806 2287 946 2354 Cassius
965 2286 1138 2354 rebellare
1159 2302 1265 2354 ausus
1281 2283 1376 2350 esset

271 2467 275 2478 .
320 2405 355 2476 ui
371 2403 492 2475 mortis
506 2402 676 2490 principis
693 2403 788 2471 fama
804 2413 867 2490 per
882 2401 1001 2469 Asiam
1018 2401 1145 2468 diffusa
1157 2419 1236 2470 eum
1250 2399 1294 2467 ad
1307 2417 1375 2465 au-

319 2520 469 2590 dendum
485 2523 722 2607 prouocasset.

363 2639 615 2722 Imperatorum
643 2635 755 2701 cultus
781 2611 804 2700 a
829 2635 947 2706 Marco
968 2638 1128 2701 servatus
1149 2636 1214 2700 est.
1236 2635 1374 2700 Mortuo

319 2754 421 2839 patre
438 2754 473 2818 et
491 2749 526 2821 in
547 2750 689 2816 deorum
709 2766 890 2815 numerum
909 2735 1040 2831 relato,
1059 2747 1245 2832 collegium
1265 2747 1375 2815 soda-

252 2915 255 2921 ‡
320 2867 405 2934 lium
430 2863 564 2933 creavit
584 2863 709 2951 quibus
728 2882 853 2931 nomen
876 2863 1230 2932 Antoninianorumi.
1255 2863 1376 2932 Ultimi

321 2985 437 3050 autem
460 2981 568 3049 creati
589 2985 679 3048 sunt.
699 2979 834 3047 Abhinc
859 3003 876 3041 «
893 2999 995 3048 novae
1016 2979 1221 3048 sodalitates
1243 2982 1375 3048 creatae

358 3267 382 3324 l.
404 3267 530 3333 Gibbom
546 3281 594 3336 op.
611 3269 675 3334 cii,
690 3282 717 3323 c.
731 3280 755 3322 11
774 3267 899 3324 disserit
921 3266 957 3322 de
977 3283 993 3321 ‹<
1006 3267 1060 3323 the
1074 3267 1265 3324 fashionable
1278 3266 1376 3323 irreli-

322 3353 393 3420 gion
407 3353 508 3408 which
523 3353 682 3423 prevailed
697 3353 729 3408 in
742 3353 795 3409 the
816 3368 873 3422 age
896 3353 930 3408 of
948 3353 1000 3408 the
1015 3353 1193 3408 Antoninos.
1206 3369 1222 3405 »
1238 3353 1299 3408 lmo
1320 3352 1377 3410 illa

320 3437 412 3494 aetate
426 3440 543 3494 mentes
558 3439 691 3494 maxime
707 3438 746 3494 ad
765 3437 871 3493 divina
892 3451 990 3493 versae
1009 3438 1114 3509 erant3
1135 3439 1170 3494 ut
1189 3437 1376 3495 christianos

321 3521 486 3593 scriptores
501 3524 651 3591 omittam,
669 3523 735 3591 quis
751 3522 848 3577 nescit
860 3522 1066 3591 Plutarchum,
1078 3522 1249 3593 Apuleium,
1266 3523 1378 3579 Aristi-

321 3606 399 3675 dem,
415 3621 447 3663 se
463 3607 590 3662 deorum·
602 3608 670 3679 pios
686 3606 819 3662 cultores
837 3607 993 3678 professos
1007 3607 1153 3663 essel'Gf.
1172 3608 1315 3676 Boissier,
1331 3611 1377 3664 La

320 3693 460 3760 Reiipiou
488 3694 641 3758 romaica,
665 3692 807 3763 passim.;
840 3693 957 3760 henan,
993 3691 1114 3758 Confer.
1148 3693 1374 3761 d'Aepieierre,

320 3791 349 3846 p.
366 3774 400 3830 ti
414 3783 445 3831 et
460 3775 493 3833 ta
501 3793 509 3846 ;
525 3777 749 3844 Friedlaender‚
764 3791 811 3844 op.
826 3779 943 3842 oii:,1v.
959 3792 989 3847 p.
1008 3775 1066 3832 195.

355 3859 381 3915 i.
396 3876 412 3914 <r
423 3862 628 3918 Orientalibus
638 3861 805 3933 provinciis
816 3862 993 3916 carissimus
1003 3861 1071 3916 fult.
1084 3862 1235 3934 »Capitol
1248 3863 1290 3916 Μ.
1301 3866 1371 3920 Ani.

320 3945 400 4000 Phil.
418 3943 462 4001 26.
486 3947 579 4001 Sacra
600 3945 755 4017 Serapidis
775 3945 895 4014 quidem
911 3961 929 4000 a
943 3945 1132 4013 vulgaritate
1155 3947 1284 4003 Pelusia
1300 3948 1374 4003 sub-

320 4028 419 4082 movit
433 4029 489 4094 (Iti.
507 4029 579 4083 ibid.
597 4027 640 4094 ia)
659 4027 712 4084 sed
728 4030 848 4084 tantum
868 4029 905 4084 ob
925 4027 1098 4084 diffluentes
1119 4029 1210 4099 huJ'us
1231 4030 1373 4086 civitatis

322 4126 433 4169 mores.
1006 4137 1009 4144 *

355 4195 382 4252 3.
402 4199 443 4252 De
456 4197 564 4267 quibus
577 4197 696 4254 abunde
711 4197 836 4278 disserit
848 4199 883 4253 H.
899 4199 1024 4268 Dessan,
1037 4201 1080 4256 De
1088 4199 1247 4260 Sodalibus
1258 4205 1286 4256 et
1301 4201 1375 4256 Fia-

320 4282 455 4340 minibus
468 4283 856 4353 Aupusiuiibus„Bcrolini,
871 4281 948 4352 1877,
964 4299 996 4355 p.
1014 4281 1065 4358 li„
