3114 4958
629 393 820 452 ennrnrrot
1234 382 1255 450 7

195 523 268 589 Nec
281 521 572 608 praetermittendi
589 527 671 590 sunt
684 522 710 589 ii
729 524 788 610 qni
802 523 1004 612 specialiter
1018 523 1092 611 juri
1112 525 1255 594 Antoni-

195 637 314 720 niano
334 638 558 718 studuerunt,
593 639 696 726 pauci
725 639 893 726 quidem:
920 638 1085 727 Papirius
1120 644 1254 724 iustus,

198 756 318 821 Marco
335 754 478 822 Aurelio
496 755 665 842 aequalis,
684 755 811 824 dicitur
831 755 925 823 illins
941 756 1207 825 constitutiones
1221 757 1256 826 in

198 865 327 958 viginti
353 870 462 940 libros
479 873 676 958 collegisse,
698 893 766 941 non
779 873 855 960 jam
873 877 1065 942 exstantes
1086 875 1186 942 Haud
1207 875 1259 942 ita

202 987 338 1075 pridem
356 991 391 1055 J.
414 989 452 1056 0.
479 991 767 1076 Westenbergius
782 992 982 1060 antecessor
999 1008 1068 1059 non
1085 1010 1258 1079 spernen-

201 1105 284 1172 dum
300 1105 463 1172 volumen
479 1103 618 1191 scripsit
634 1106 677 1173 de
700 1105 822 1173 iisdem
844 1105 1170 1186 constitutionibus,
1198 1110 1258 1177 sed

197 1238 325 1306 parum
350 1239 509 1307 pressum
530 1223 575 1289 et
589 1222 695 1307 paulo
715 1221 887 1308 prolixius
900 1224 930 1302 1;
960 1222 1016 1290 cui
1046 1223 1144 1310 prius
1165 1223 1259 1292 viam

199 1338 404 1407 ostenderat
420 1341 459 1414 Q.
478 1339 519 1408 G.
540 1339 738 1423 Sebucber,
757 1339 963 1409 brevissimo
989 1340 1128 1427 quidem
1149 1361 1259 1429 opus-

200 1455 314 1522 culon
329 1456 451 1523 Ambae
467 1457 584 1523 autem
600 1456 658 1524 hee
674 1455 938 1524 dissertationes
952 1475 1021 1523 non
1039 1459 1172 1524 tantam
1189 1457 1259 1525 uti·

203 1570 339 1638 litatem
366 1570 453 1638 mihi
482 1571 632 1639 attulere
658 1574 826 1658 quantam
860 1572 1067 1658 sperabam;
1097 1572 1260 1658 plurimae

203 1685 297 1753 enim
325 1685 537 1772 quaestiones
565 1705 655 1754 nuno
686 1688 835 1755 exoletae
862 1691 897 1754 et
926 1685 1123 1755 decantatae
1149 1687 1185 1755 in
1217 1687 1261 1755 iis

197 1805 417 1885 tractantur,
439 1801 521 1870 aliae
540 1805 657 1870 autem
681 1804 802 1871 multae
826 1803 982 1884 omissae3
1004 1823 1116 1890 neque
1139 1822 1260 1872 earum

199 1919 363 1985 auctores
379 1916 415 1984 in
430 1921 593 2005 promptu
611 1920 789 1986 habebant
807 1937 1036 2006 quaecumque
1055 1919 1159 1987 hodie
1175 1938 1258 2006 cog·

198 2052 345 2101 noscere
359 2052 559 2121 possumus,
579 2038 661 2102 ante
680 2021 798 2102 omnia
814 2034 947 2103 scilicet
960 2033 1036 2121 jam
1055 2054 1164 2121 supra
1181 2035 1259 2103 dic-

201 2152 259 2217 tos
276 2147 355 2218 Gaii
375 2149 670 2234 Commentarios,
690 2150 766 2236 qui,
786 2149 850 2218 etsi
868 2150 1041 2239 truncati,
1067 2151 1101 2217 in
1122 2150 1261 2232 legibus

199 2265 358 2334 romanis
383 2265 493 2333 multa
518 2267 668 2333 obscura
687 2263 971 2346 illustraverunt;
1002 2266 1127 2353 quibus
1154 2266 1261 2334 etiam

198 2385 415 2467 Fragmenta
448 2381 542 2450 diota
574 2384 756 2451 Vaticana
782 2387 818 2451 et
842 2387 1069 2452 monumenta
1099 2384 1261 2470 quaedam

201 2495 434 2585 epigrapbica
451 2494 613 2565 addenda
627 2502 708 2565 sunt
722 2515 834 2586 nuper
848 2501 1002 2585 reperta.
1020 2498 1175 2584 Denique
1191 2517 1261 2566 non

199 2614 340 2682 silentio
357 2613 540 2701 praeterire
554 2635 692 2702 aeqnnm
708 2618 762 2682 est
775 2618 818 2682 D.
836 2617 1036 2684 Gusteuunn
1050 2618 1180 2684 Hoenel
1196 2635 1261 2703 per

201 2730 302 2819 cujus
316 2731 600 2819 compilationem
616 2731 730 2817 longis
746 2730 1005 2818 fastidiosisque
1019 2730 1263 2816 indagationi-

190 2850 266 2928 ,bus
283 2867 402 2916 omnes
413 2847 506 2936 juris
521 2849 656 2916 romani
674 2846 821 2915 studiosi
837 2846 976 2914 liberati
994 2849 1106 2914 sunt-³.

249 2967 436 3032 Auctorem
449 2964 509 3051 qui
521 2967 657 3032 tantum
673 2963 870 3048 singulares
883 2963 929 3030 ad
943 2962 1128 3031 materiam
1144 2962 1263 3051 operis

203 3082 316 3150 nostri
339 3079 555 3169 pertinentes
580 3100 637 3148 res
662 3083 965 3159 memoraverunt,
993 3099 1165 3166 quemque
1198 3098 1261 3146 suo

200 3199 278 3267 loco
298 3197 533 3266 laudabimus.

201 3503 333 3570 Brenno,
348 3501 438 3556 Mure
455 3502 574 3557 Aurel’s
588 3501 807 3556 Meditutionen
827 3501 861 3554 in
882 3501 968 3554 ihrer
982 3498 1109 3552 Einbeit
1125 3500 1189 3552 und
1207 3500 1262 3552 Be-

201 3589 349 3655 deutung.
372 3585 552 3654 Altenburg,
577 3583 654 3640 1878.
671 3584 746 3641 Add.
768 3584 901 3651 Martha,
917 3585 974 3639 Les
994 3583 1169 3638 Moralistes
1190 3596 1261 3637 sous

205 3670 348 3738 i’enrpire
359 3671 496 3735 romain,
510 3669 538 3726 3ε
551 3669 636 3737 edit,
651 3669 748 3735 Paris,
766 3665 843 3722 1872.

237 3753 262 3809 l.
283 3756 378 3810 Diuus
395 3755 534 3820 Murcus,
547 3770 601 3811 seu
615 3754 848 3810 dissertationes
862 3752 965 3806 Murci
979 3751 1100 3805 Aurelii
1115 3749 1263 3805 Antonini

201 3841 414 3908 imperatoris.
431 3839 526 3908 bugd.
542 3841 621 3908 Bet,
640 3837 717 3896 1736.

238 3928 264 3986 2.
285 3931 467 3999 Singuloriu
480 3931 582 3985 Murci
592 3931 737 3985 Antonini
747 3927 928 3996 Philosophi
935 3925 1198 3993 jurisprudentiae
1209 3937 1261 3978 en-

197 4017 303 4086 pita...
319 4015 439 4085 Lipsiae,
457 4013 535 4071 1732.
552 4016 644 4076 Quem
660 4003 795 4072 libellum
810 4011 965 4078 OEttinger
979 4010 1091 4071 Rioino
1105 4023 1161 4079 per
1175 4020 1260 4062 erro-

203 4117 268 4158 rem
282 4101 434 4170 assignat,
451 4101 501 4170 qui
517 4100 596 4157 thesi
613 4113 727 4171 praeses
741 4098 854 4154 fuerat.

236 4186 264 4242 3.
288 4187 403 4255 corpus
428 4187 531 4255 lenum
552 4187 590 4240 ab
611 4184 849 4252 imperatoribus
869 4182 1011 4238 romanis
1034 4182 1176 4236 tuterunt
1196 4191 1263 4248 quoe

200 4275 295 4328 ecetre
310 4270 560 4326 constitutionum
569 4271 693 4348 ¹codices
707 4270 904 4336 supersunt...
919 4266 1038 4338 Lipsiae,
1055 4261 1134 4320 1857.
