3128 4962
582 413 626 459 nu
648 413 734 460 uuas
758 413 875 460 orvrur.
1215 390 1259 460 8³7

198 535 353 606 bationis
372 554 517 621 genera,
536 534 645 603 veluti
663 535 804 603 testium
824 533 1014 604 affirmatio
1034 538 1069 606 et
1085 536 1257 624 epistolae,

197 657 324 741 postea
342 653 450 720 etiam
467 651 621 719 admissa
640 653 755 719 suntt.

244 769 374 836 Eodem
389 766 548 848 consilio,
567 769 604 832 ut
621 765 699 832 lites
717 766 760 833 de
774 765 995 851 ingenuitate
1013 764 1197 845 minueret,
1214 767 1258 833 de

197 887 292 952 statu
308 884 550 950 defunctorum
568 881 819 967 quaestionibus
836 883 976 950 modum
997 881 1199 969 imposuita.

244 1002 318 1076 Quo
342 1001 478 1082 filiatio
496 999 623 1066 certior
641 999 756 1079 fieret,
776 999 984 1084 rescriptum
1004 999 1096 1086 quod
1119 999 1165 1066 de
1179 999 1256 1065 ios·

193 1117 369 1201 picieodo
400 1121 527 1182 ventre
555 1116 859 1202 custodiendoque
888 1121 1005 1198 portu
1041 1115 1171 1182 dictum
1204 1117 1258 1182 est

196 1236 335 1300 Marcus
353 1235 387 1298 et
403 1230 525 1298 [nucius
543 1231 726 1298 ediderunt
745 1252 753 1296 :
771 1250 849 1298 cum
866 1231 1018 1298 divortio
1036 1231 1129 1298 facto
1145 1232 1258 1298 mari-

198 1353 254 1416 tus
279 1367 422 1415 uxorem
447 1351 690 1433 praegnantem
714 1347 856 1423 diceret,
882 1367 971 1414 uxor
996 1351 1156 1432 negaret,
1179 1367 1257 1416 eam

192 1465 409 1552 jusserunt«
430 1463 578 1530 atribus
595 1464 839 1531 obstetricibus
855 1463 992 1550 inspici,
1015 1467 1062 1546 et,
1084 1463 1114 1531 si
1138 1481 1259 1532 omnes

198 1581 254 1646 vel
281 1580 360 1646 duae
384 1560 604 1664 praegnatem
631 1573 708 1646 eam
732 1580 1050 1660 renunciavissent,
1078 1581 1257 1664 custodem

200 1697 314 1763 ventri
332 1695 607 1781 designandum3
632 1721 664 1762 ».

243 1813 295 1879 Ad
319 1811 543 1878 matrimonia
565 1812 738 1878 firmanda
762 1811 882 1896 aliqua
904 1811 1009 1878 etiam
1032 1814 1171 1878 Marcus
1195 1812 1259 1879 de-

197 1929 320 1996 crevit.
341 1931 392 1994 Ex
408 1928 553 2014 antiquo
564 1927 645 2013 jure
662 1932 761 1995 tanta
774 1929 902 2014 patriae
918 1927 1101 2014 potestatis
1116 1927 1167 1995 vis
1182 1930 1260 1994 erat

198 2048 236 2112 ut
258 2050 358 2132 pater
380 2044 443 2110 filii
461 2043 588 2110 filiaeve
609 2032 869 2110 matrimonium
891 2045 936 2110 ad
958 2043 1136 2111 libidinem
1159 2063 1257 2110 suam

196 2164 387 2246 rumperet.
417 2159 508 2235 Quid
529 2159 667 2240 mirum,
697 2179 775 2226 cum
798 2178 859 2227 eos
881 2178 1008 2227 necare
1033 2162 1177 2244 posset?
1197 2161 1255 2241 At,

196 2276 396 2343 minoribus
411 2275 512 2342 raons
531 2275 697 2352 moruus,
718 2295 794 2341 cum
811 2280 913 2360 pater
927 2258 991 2341 run
1012 2275 1163 2342 vernuae
1178 2294 1257 2342 ma-

196 2392 363 2460 trimonio
388 2391 580 2472 annuisset,
608 2391 765 2477 iniquum
790 2391 902 2457 visum
926 2393 979 2457 est
1003 2391 1089 2458 iilud
1113 2410 1157 2458 ex
1184 2390 1259 2477 ejus

197 2528 268 2575 una
289 2508 469 2575 voluntate
494 2508 594 2574 solvi.
625 2533 641 2569 ‹<
661 2507 905 2574 Dissentientis
929 2506 1043 2592 patris
1070 2506 1129 2592 qui
1157 2505 1257 2573 initio

196 2623 374 2692 consensit
389 2623 633 2705 matrimonio,
653 2643 730 2690 cum
752 2622 879 2691 marito
897 2624 1133 2691 concordante
1149 2639 1259 2689 uxore

194 2740 439 2820 filiafamilias,
457 2738 555 2805 aiunt
573 2739 809 2806 Diocletianus
825 2742 860 2805 et
878 2739 1125 2821 Maximianus
1143 2742 1258 2805 ratam

196 2876 267 2924 uon
286 2857 409 2924 haberi
426 2857 654 2924 voluntatem.
673 2859 711 2921 D.
733 2859 883 2936 Marcus,
900 2860 1003 2940 pater
1021 2861 1150 2934 noster,
1174 2855 1258 2922 reli-

195 2972 416 3057 giosissimus
436 2973 629 3058 imperator
651 2971 842 3052 constituit,
866 2971 931 3038 nisi
957 2989 1088 3061 magna
1109 2975 1144 3038 et
1158 2971 1257 3058 justa

195 3108 306 3156 causa
323 3088 577 3156 interveniente
592 3091 658 3154 boc
674 3093 775 3174 pater
792 3086 947 3156 fecerim.
967 3113 981 3148 »
1002 3084 1102 3162 ouon
1118 3086 1256 3173 quidem
1274 3063 1285 3078 ’

194 3205 329 3272 Paulus
355 3204 531 3272 Antonino
560 3203 622 3270 Pio
647 3204 847 3270 adscribere
876 3202 1058 3282 videtur5;
1091 3202 1153 3270 sed
1179 3202 1257 3289 ejus

193 3327 363 3409 receptas,
384 3321 582 3388 Sententias
604 3339 729 3407 parum
752 3319 973 3387 auctoritatis
987 3319 1119 3386 habere
1137 3337 1256 3385 omnes

233 3598 257 3654 1.
278 3600 308 3652 L.
324 3596 368 3665 29,
383 3611 441 3667 pn,
456 3598 501 3664 D.‚
517 3600 555 3651 de
564 3598 685 3663 probat.
701 3595 745 3662 Ὦ,
759 3596 785 3652 3.

229 3678 257 3733 2.
279 3677 407 3750 Capitol.
423 3679 463 3732 M.
479 3680 547 3732 Ant.
565 3679 644 3732 Phil.
664 3676 696 3731 10
703 3693 710 3745 ;
728 3677 747 3732 l.
762 3677 775 3730 l
791 3676 804 3740 S
819 3676 846 3744 3,
864 3679 906 3745 D.‚
921 3692 958 3731 ne
970 3680 1008 3731 de
1022 3679 1104 3730 statu
1115 3674 1252 3741 defunct.

189 3762 389 3904 mimicum
404 3846 567 3917 conceptus
582 3846 683 3902 infans
698 3847 922 3902 nominabatur.
939 3847 969 3900 L.
987 3845 1011 3915 t,
1026 3847 1070 3912 D.‚
1086 3846 1124 3898 de
1140 3844 1252 3912 inspic.

189 3937 307 4072 υθῖἵ.
318 3930 431 4080 {belot
447 4016 535 4084 Just,
548 4020 585 4071 de
600 4017 756 4083 Repudia,
771 4012 799 4083 5,
816 4014 1091 4070 mandamento
1108 4013 1200 4068 etiam
1215 4011 1252 4066 de

189 4102 329 4160 divortio
344 4102 523 4170 constituta,
540 4101 559 4156 l.
578 4099 619 4170 12,
636 4103 701 4156 eod.
719 4101 764 4154 tit.
773 4114 782 4170 3
799 4100 830 4155 et
845 4099 881 4155 de
894 4099 1173 4170 patriapotestate,
1190 4098 1209 4153 t.
1224 4096 1250 4166 t,

188 4185 406 4343 οὔῆηέἐηὶῗιν,
422 4270 448 4342 6,
464 4271 477 4337 S
495 4269 536 4327 15.
