3128 4962
577 357 622 404 ns
643 353 730 404 suan
751 355 909 404 eunuco.
1228 335 1272 404 55

214 493 284 551 aas
299 479 351 549 sic
369 479 551 549 constituit
568 497 613 546 ex
628 477 768 547 nomine
791 479 926 547 uxoris.
945 478 1014 548 Pro
1031 480 1273 567 procuratori-

215 601 283 666 bus
308 597 554 667 alimentorum
578 596 764 683 praefectos
786 596 921 663 creavit
945 600 981 664 et
1003 597 1158 682 equitum
1179 599 1270 680 ioco,

215 715 434 794 consulares,
453 717 492 781 ut
507 715 574 781 hoc
589 731 714 780 munus
728 711 926 798 implerent,
945 712 1145 800 designavit
1156 716 1181 781 ¹.

259 835 340 900 Non
357 828 542 916 congiaria
557 828 725 910 abolevit,
741 829 834 915 quod
849 830 965 896 nullus
979 830 1142 918 princeps
1157 832 1274 900 tacere

216 967 324 1018 ausus
352 947 475 1026 erata,
504 948 539 1012 et
571 945 732 1032 quamvis
763 946 901 1032 plebem
931 945 1142 1032 despiceret,
1178 951 1213 1014 et
1240 948 1273 1015 ei

216 1069 340 1133 Rornae
354 1081 480 1150 parurn
497 1066 622 1148 gratus
638 1066 742 1145 esset,
762 1063 857 1149 quod
875 1062 921 1130 ad
937 1061 1122 1149 pecuniam
1134 1063 1271 1147 attinet,

214 1181 402 1249 munificus
414 1179 480 1247 fuit
488 1181 514 1246 ³.

259 1297 333 1364 Nec
353 1294 444 1362 ludis
462 1295 566 1362 finem
585 1293 770 1381 imposuit3
791 1294 860 1362 imo
884 1294 1174 1381 apparatissimos
1192 1294 1271 1380 edi-

216 1412 291 1480 dit*
306 1434 315 1491 ;
333 1411 395 1478 sed
411 1410 628 1495 gladiatores
644 1411 844 1494 gladiorum
861 1429 1062 1478 mucronem
1086 1411 1272 1480 retundere

210 1526 331 1616 jussit,
350 1531 388 1594 ut
401 1527 437 1594 in
455 1526 598 1594 ludicris
613 1525 862 1595 certaminibus
878 1547 956 1614 quae
974 1527 1068 1615 apud
1093 1527 1270 1596 recentio-

216 1663 274 1713 res
292 1647 545 1711 torneamenta
564 1646 791 1754 vocatarsunt
802 1643 825 1707 5.

259 1762 381 1826 Pauca
396 1758 439 1826 de
453 1757 666 1826 circensibus
685 1758 743 1826 bic
759 1759 924 1827 dicemus.
943 1759 1016 1825 Etsi
1034 1757 1176 1845 juvenis
1190 1776 1272 1826 cor-

213 1875 312 1962 poris
328 1873 637 1942 exercitationibus
655 1876 799 1942 multum
815 1894 898 1942 usus
914 1877 992 1942 erat
1002 1875 1034 1955 ⁶,
1052 1894 1133 1943 mox
1149 1895 1171 1942 a
1187 1875 1272 1942 tali-

213 1994 280 2060 bus
296 1990 548 2058 intentionibus
570 1989 723 2057 studium
738 1990 975 2077 philosophiae
998 2010 1076 2058 eum
1094 1991 1241 2059 abduxit
1259 2014 1268 2058 ε

216 2131 234 2170 <<
254 2104 471 2192 gladiatoria
487 2107 688 2193 spectacula
705 2106 928 2173 omnifariam
941 2105 1162 2192 temperavit.
1178 2110 1273 2174 Tem-

212 2222 355 2311 peravit
373 2221 480 2289 etiam
504 2221 660 2288 scenicas
687 2221 912 2303 donationes,
928 2221 1057 2307 jubens
1082 2225 1121 2288 ut
1146 2222 1271 2308 quinos

213 2357 342 2407 aureos
357 2337 483 2405 scenici
502 2337 730 2424 acciperent:
757 2339 809 2405 ita
833 2342 951 2405 tamen
966 2342 1004 2405 ut
1019 2339 1139 2424 nullus⁴
1158 2337 1271 2406 editor

213 2456 334 2523 decem
349 2473 475 2522 aureos
498 2456 766 2540 egrederetur...
784 2454 866 2521 Fuit
878 2454 932 2520 illi
947 2455 1159 2522 consuetudo
1176 2457 1214 2521 ut
1234 2455 1270 2521 in
1389 2519 1392 2525 ,
1484 2474 1486 2478 ’

212 2569 420 2639 circensium
435 2570 634 2657 spectaculo
653 2571 799 2654 legeret,
820 2570 1039 2657 audiretque,
1056 2589 1098 2636 ac
1113 2567 1270 2637 subscri-

211 2860 322 2918 Batav.
341 2858 418 2925 1671,
435 2878 451 2915 <r
468 2875 619 2917 normam
637 2863 800 2917 nominum
813 2877 829 2914 ›>
851 2861 952 2930 legit:
973 2860 1096 2917 Walter
1113 2859 1216 2917 autem
1236 2862 1268 2916 in

216 2945 391 3004 Gescbichte
405 2949 458 3002 des
469 2949 654 3002 roemtscheu
665 2949 784 3012 Rectus,
797 2961 819 3014 1,
835 2962 865 3017 p.
881 2944 942 3015 161,
958 2961 988 3002 n.
1001 2943 1045 3002 69.
1062 2944 1170 3002 scribit
1184 2961 1201 3000 «
1215 2961 1266 3002 no-

212 3047 284 3087 cem
298 3046 462 3100 asomum,
478 3049 493 3084 >›
506 3031 541 3086 nt
554 3032 586 3086 in
601 3033 758 3087 Perticae.
773 3031 801 3087 9.

251 3116 276 3171 1.
296 3119 354 3173 Des
367 3119 509 3185 Vergers,
528 3131 577 3186 op.
595 3118 659 3182 cit,
674 3133 703 3188 p.
725 3115 769 3172 11.
785 3116 968 3185 Hirschfeld,
989 3119 1267 3188 unrersuehunpec,

211 3217 243 3274 p.
261 3200 309 3256 117
326 3215 421 3270 seqq,
439 3201 476 3257 de
492 3200 648 3272 praefectis
661 3202 876 3258 alimentorum
891 3203 1012 3273 copiose
1026 3201 1161 3259 disserit.

247 3284 275 3341 2.
295 3287 377 3342 Suet.
394 3290 472 3355 Aah.
488 3284 532 3342 42.
548 3289 579 3342 c.
596 3287 633 3342 de
644 3286 674 3343 la
687 3289 793 3356 Berge,
808 3302 856 3356 op,
870 3289 932 3356 cit,
946 3303 975 3359 p.
991 3283 1036 3342 99.

247 3369 274 3426 3.
294 3371 356 3425 Dio.
371 3383 453 3438 nm,
468 3369 512 3427 32.

247 3452 274 3509 l.
294 3454 419 3526 Eutrop.
434 3469 500 3523 vm,
520 3454 561 3512 11.

246 3537 450 3596 samareus
475 3540 616 3597 Aurelius
640 3541 716 3596 adeo
743 3556 802 3596 non
823 3541 1036 3597 delectabatur
1057 3533 1208 3609 caedibuS,
1232 3539 1266 3596 ut

211 3626 315 3680 Romae
330 3638 446 3694 quoque
459 3625 613 3696 spectaret
626 3626 813 3694 gladiatores
828 3627 975 3695 tanquam
992 3625 1126 3682 athletas
1140 3624 1262 3680 certan-

211 3707 259 3763 tes
274 3708 339 3762 sine
354 3708 498 3778 periculo.
523 3711 583 3765 Nec
604 3711 685 3765 enim
708 3709 931 3778 gladiatoribus
954 3707 1106 3766 concessit
1128 3722 1259 3778 unquam

212 3792 301 3848 acuto
316 3791 397 3849 terro
413 3793 569 3863 dimicare,
586 3795 637 3850 sed
654 3795 772 3851 obtusis
793 3793 904 3864 gladiis
919 3794 950 3851 et
969 3795 1139 3866 praepilatis
1159 3808 1264 3850 omnes

211 3877 358 3933 dimicare
369 3879 473 3947 jnssit.
489 3895 506 3932 »
520 3881 583 3935 Dio.
600 3877 792 3946 1111119.-
816 3881 885 3935 Haec
905 3879 1014 3951 praelia
1035 3879 1129 3934 Graeci
1153 3878 1261 3934 burna-

211 3961 314 4017 niores
334 3962 479 4032 oderant,
501 3964 581 4036 apud
604 3966 756 4019 Romanos
780 3965 959 4035 paucissimi
985 3962 1262 4035 reprehendebant.

211 4045 256 4103 cf.
271 4047 484 4117 Friedlaender,
498 4065 546 4118 cp.
559 4053 622 4119 cit,
637 4063 670 4117 11,
686 4065 715 4120 p.
735 4047 785 4104 170
798 4049 829 4105 et
843 4050 969 4120 passim.
1091 4041 1095 4050 '

246 4131 272 4189 6.
294 4149 310 4188 «
325 4135 449 4192 Amavit
462 4135 643 4208 pugilatum,
659 4137 827 4192 luctamina
842 4135 873 4192 et
887 4149 1019 4203 cursum,
1036 4135 1067 4192 et
1080 4134 1261 4206 aucupatus

212 4218 244 4278 et
257 4220 321 4294 pila
336 4220 411 4278 lusit
425 4219 574 4293 apprime,
590 4219 622 4279 et
633 4219 764 4280 venatis
778 4221 835 4281 est.
849 4238 866 4275 »
880 4221 976 4295 Capit.
992 4221 1032 4278 M.
1051 4223 1121 4278 Ant.
1136 4221 1215 4279 Pbtt.
1234 4215 1261 4278 1.
