3128 4962
286 337 331 407 72
661 355 748 412 runs
771 327 970 405 rosr'surou.

287 483 412 554 Sextus
428 479 655 566 Pomponius,
674 479 862 546 Alburnins
877 481 902 544 ll
910 479 1020 560 alem,
1037 478 1202 546 Claudius
1220 479 1347 546 Satur-

286 596 431 675 ninum,
460 596 501 672 Q.
530 595 712 662 Cornidius
744 596 935 664 Scaea-olel.
964 598 1014 662 Ex
1039 595 1164 680 quibus
1197 595 1297 662 multi
1326 613 1346 663 e

286 709 478 802 provinciis
497 710 728 777 orientalibus
750 711 804 776 vel
827 710 994 778 africanis
1014 709 1152 776 oriundi
1169 717 1282 777 eraut.
1304 713 1347 777 ut

287 829 401 894 minus
424 828 577 892 illustres
605 827 783 905 omittam,
810 827 933 907 (lanis,
964 827 1005 891 de
1034 826 1133 912 cujus
1162 825 1234 891 vita
1258 845 1343 911 per-

286 961 401 1030 pauca
432 942 563 1006 traditu
593 945 705 1019 sumi,
734 961 777 1007 ex
804 962 846 1017 oa
874 949 973 1027 parte
1001 941 1137 1026 imperii
1171 941 1346 1026 originem

181 1137 186 1148 ⁸
287 1059 426 1126 duxisse
442 1058 606 1132 creditur,
626 1058 754 1143 qnippe
772 1057 829 1144 qni
847 1057 940 1124 Asiae
958 1069 992 1122 ut
1005 1057 1151 1124 Graeciae
1168 1058 1264 1143 leges
1281 1075 1346 1143 op-

286 1175 369 1241 time
385 1181 513 1254 nosset,
533 1183 564 1240 et
583 1177 732 1261 primum
751 1193 772 1239 a
793 1172 1189 1259 Constantinopolitanis
1206 1173 1346 1260 princi-

285 1291 388 1378 pibus
414 1291 577 1357 laudatus
606 1289 662 1358 sit.
695 1289 833 1357 Salvius
858 1290 1034 1372 Julianus,
1067 1293 1130 1357 sub
1163 1290 1345 1358 Hadriano

286 1407 412 1476 Edictt
424 1408 597 1490 perpetui
618 1409 752 1489 auctor,
769 1415 804 1474 et
818 1405 875 1492 qni
894 1425 1002 1492 usqne
1020 1406 1065 1472 ad
1082 1408 1214 1493 primos
1231 1406 1347 1495 impe-

287 1522 331 1589 rii
354 1523 462 1590 Marci
484 1521 649 1589 Antonini
674 1541 784 1590 annos
805 1522 912 1603 vixit,
941 1522 1122 1590 Adrumeti
1149 1530 1252 1589 natus
1276 1528 1344 1591 est.

286 1641 419 1706 Nomen
452 1637 609 1704 Africani
641 1637 736 1706 illius
769 1638 913 1726 stirpem
948 1638 1158 1706 indicavisse
1190 1639 1344 1707 videtur.

287 1754 466 1822 Addamus
487 1752 669 1820 Volusium
690 1754 896 1821 Maecianum
911 1753 1102 1841 juridicum
1117 1754 1347 1826 Alexandriae

288 1871 407 1938 tuisse.

329 1989 514 2073 Nunquam
535 1984 649 2052 adbuc
661 1984 754 2072 juris
777 1985 924 2054 scientia
945 1988 1042 2053 tanto
1060 1986 1247 2074 splendore
1265 1987 1347 2054 eni-

286 2106 401 2170 tuerat
424 2123 433 2168 :
460 2119 529 2168 nou
548 2106 674 2168 cuncta
692 2101 832 2168 illorum
857 2102 1081 2189 prudentium
1106 2121 1217 2188 opera
1237 2102 1346 2171 etiam

285 2217 439 2287 breviter
455 2217 512 2285 bic
531 2217 736 2286 examinare
753 2219 837 2285 mibi
857 2220 1027 2288 inanimo
1050 2223 1114 2286 est.
1139 2223 1223 2288 Cum
1245 2219 1347 2287 multi

284 2336 318 2402 in
338 2332 547 2420 principium
564 2334 745 2401 consilium
766 2335 881 2402 vocati
899 2337 980 2418 sint,
1000 2356 1066 2403 non
1084 2335 1209 2402 mirum
1228 2335 1257 2403 si
1273 2343 1346 2402 tum

284 2451 419 2537 optima
435 2450 607 2536 rescripta
626 2451 809 2536 edictaque
829 2461 864 2518 et
884 2453 1051 2519 mandata
1066 2451 1161 2518 edita
1180 2452 1289 2518 luere.

328 2571 404 2634 tam
432 2586 473 2635 eo
501 2571 658 2654 tempore
681 2567 741 2634 ille
760 2567 852 2652 juris
878 2568 1026 2634 fontium
1048 2568 1084 2634 in
1108 2569 1266 2656 Corpora
1289 2570 1344 2636 vel

286 2684 429 2753 Codices
462 2683 732 2768 redigendorum
766 2684 867 2751 labor
897 2683 957 2771 qui
990 2685 1084 2771 apud
1115 2688 1291 2752 Romanos
1324 2705 1347 2752 a

286 2801 365 2886 lege
380 2801 445 2867 ΧΠ
471 2800 671 2866 tabularum
697 2817 874 2886 nunquam
895 2799 961 2866 nisi
990 2799 1179 2887 aprivatis
1203 2801 1346 2868 effectus

286 2921 375 2998 erat,
390 2935 491 3002 quem
508 2921 625 2982 antem
642 2913 819 3002 principes
835 2913 1013 2983 inferioris
1028 2915 1144 2984 aetatis
1162 2919 1346 3003 tantopere

286 3036 514 3115 curaverunt,
538 3031 698 3117 inceptus
728 3034 797 3112 est,
832 3031 1033 3118 auspicibus
1058 3031 1343 3118 imperatoribus.

286 3151 355 3217 Sub
379 3146 559 3216 Hadriano
588 3147 726 3213 Salvius
749 3146 910 3214 Julianus
929 3148 1103 3215 Edictum
1123 3153 1345 3231 perpetuant

285 3268 531 3352 composuerat
547 3282 590 3329 ex
608 3260 729 3330 edictis
745 3263 958 3349 praetoruml
975 3264 1068 3349 quod
1085 3283 1106 3330 a
1124 3272 1347 3331 senatuscon-

322 3459 348 3515 1.
369 3458 496 3523 Quidam
513 3458 625 3529 putant
643 3458 723 3514 hunc
737 3457 878 3513 eumdem
893 3457 990 3514 fuisso
1006 3459 1098 3527 atque
1115 3457 1273 3513 claudium
1289 3460 1343 3516 Sa·

284 3544 451 3602 turninum.
467 3543 543 3606 (Vid.
557 3543 682 3614 sitting,
699 3546 782 3599 Alter
794 3546 851 3599 der
861 3544 1017 3610 Schriften
1032 3547 1088 3598 der
1099 3545 1284 3600 roemtsoben
1296 3547 1347 3600 Ju-

284 3632 380 3686 risten
395 3644 453 3684 von
468 3630 670 3684 Hadrianeia
684 3631 874 3695 Atenunuen
894 3626 970 3697 l8lid,
987 3643 1017 3700 p.
1040 3627 1092 3694 17.)

320 3715 352 3770 1,-
368 3717 408 3769 Da
424 3714 472 3770 bis
487 3715 628 3770 omnibus
641 3712 694 3768 vid
718 3716 751 3769 A.
767 3714 882 3770 ltivier.
899 3715 1110 3770 Introduction
1122 3715 1289 3785 dicturique
1304 3728 1348 3770 au

286 3801 374 3855 Droit
387 3801 525 3866 romain,
541 3798 711 3867 Bruxelles.
730 3798 806 3856 l88l.

320 3885 345 3941 3.
368 3885 434 3940 Vid.
451 3885 587 3947 Glosson,
608 3887 707 3941 Etnde
728 3901 785 3942 sur
815 3887 923 3952 Gaius,
949 3883 1032 3956 18673
1057 3885 1228 3954 caillemer,
1254 3888 1346 3942 Notas

280 3986 364 4041 pour
376 3971 408 4027 tn
421 3971 600 4040 obnrapnte
614 3974 658 4028 otu
664 3972 889 4038 jurisconsulto
907 3973 1013 4028 Gutus.
1030 3972 1120 4028 Mem.
1135 3970 1183 4028 lus
1198 3969 1217 4028 a
1230 3971 1260 4028 la
1274 3971 1345 4028 Sor-

287 4057 396 4120 bonuo,
410 4053 488 4111 1866.
738 4059 743 4070 ’

322 4137 348 4196 l.
369 4140 412 4196 Ct’.
432 4138 484 4195 11
504 4138 575 4207 518,
592 4139 663 4196 cod.
685 4139 774 4210 Just,
796 4144 834 4196 de
853 4145 911 4196 vet.
924 4140 1014 4205 juris
1034 4142 1133 4196 cnnct.
1153 4139 1239 4212 1,17;
1260 4140 1344 4211 llll,

287 4226 319 4283 0.
332 4225 370 4296 J.,
385 4229 423 4281 cte
447 4227 535 4282 cond.
551 4227 650 4282 indeo.
665 4223 691 4296 1,
712 4222 744 4299 5;
764 4224 867 4282 Aurol.
882 4225 972 4293 vict,
992 4228 1031 4281 de
1049 4227 1162 4282 Coesar.
1183 4229 1269 4284 Rom.
1294 4223 1343 4283 19:
