3128 4962
290 359 334 425 48
708 376 795 424 rans
818 378 935 424 aaron.

336 503 423 579 Quae
444 500 682 588 exposuimus,
701 500 924 586 supradictas
946 499 1175 568 historiarum
1196 499 1357 588 scripto·

292 619 369 685 rum
395 617 632 685 dissensiones
660 617 852 702 explicant.
881 619 965 686 Cum
991 620 1130 685 Marcus
1155 617 1359 686 Antoninus

291 733 367 820 ipse
386 732 471 800 nihil
486 738 610 829 contra
625 732 842 800 Christianos
856 733 935 800 novi
949 733 1172 814 decrevisset,
1188 713 1360 820 benigniss

291 852 399 916 tatem
418 847 495 934 ejus
513 847 706 932 laudavere
723 846 842 923 multi;
862 846 1067 932 quinetiam,
1090 867 1166 914 cum
1186 847 1359 915 atrociter

291 965 328 1032 in
361 963 488 1032 Christi
522 962 729 1047 religionem
763 965 808 1030 ab
841 963 1114 1050 imperatoribus
1144 964 1358 1050 quibusdam

291 1081 488 1160 saeviretur,
514 1097 592 1146 eum
619 1078 670 1145 illi
691 1079 922 1164 singulariter
943 1080 1072 1147 favisse
1096 1082 1356 1148 confinxerunt.

292 1233 333 1247 -
352 1198 437 1264 Cum
453 1215 535 1262 vero
553 1197 617 1262 sub
638 1214 679 1262 eo
696 1196 815 1282 plures
832 1198 1007 1279 martyres
1020 1215 1125 1282 qnam
1143 1200 1249 1263 antea
1265 1196 1359 1264 luis-

291 1318 381 1392 sent,
396 1331 474 1379 eum
490 1311 748 1378 infensissimum
764 1311 928 1378 Ecclesiae
947 1311 1008 1378 alii
1023 1311 1216 1379 credidere.
1229 1313 1357 1380 Ambae

292 1428 474 1516 opiniones
490 1427 624 1513 pariter
640 1447 734 1494 verae
752 1432 814 1494 aut
834 1427 933 1494 salsae
951 1427 1016 1494 dici
1037 1433 1194 1513 possunt.

335 1548 383 1612 De
405 1544 536 1611 ludaeis
549 1544 625 1630 jam
644 1545 806 1629 quaedam
823 1543 1045 1611 narravimus
1067 1565 1075 1611 ι
1099 1545 1176 1630 qui,
1199 1564 1261 1631 per
1279 1546 1356 1612 fere

291 1680 411 1728 omnes
427 1659 564 1746 imperii
581 1659 742 1726 civitates
757 1658 883 1745 sparsi,
898 1660 1000 1726 modo
1019 1661 1063 1726 ab
1080 1660 1356 1746 imperatoribus

292 1775 465 1862 exagitati
489 1783 603 1858 erant,
622 1776 724 1841 modo
749 1774 930 1861 tranquilli
955 1774 1016 1842 sed
1038 1774 1227 1861 contempti
1248 1775 1355 1842 vixe-

291 1896 372 1959 rant
387 1893 409 1959 ¹.
431 1894 479 1959 De
501 1909 619 1957 eorum
643 1889 677 1954 in
701 1887 893 1956 Palaestina
916 1889 1166 1956 rebellionibus
1188 1890 1275 1956 nihil
1297 1889 1357 1958 di-

291 2026 385 2087 cam,
411 2006 567 2073 maxima
587 2003 725 2072 saevitia
741 2003 930 2090 repressis,
955 2023 1019 2072 nec
1038 2011 1118 2092 post
1133 2005 1357 2073 Hadrianum

291 2125 346 2191 rel
364 2123 575 2191 Antoninum
594 2121 695 2188 Pium
717 2120 866 2188 iteratis.
888 2122 1073 2208 Perpauca
1094 2123 1137 2190 de
1156 2123 1216 2204 iis,
1236 2122 1355 2209 impe-

291 2244 391 2307 rante
404 2242 534 2320 MarcO,
551 2237 720 2305 novimus.
738 2238 821 2304 Cum
833 2235 862 2301 is
875 2237 1050 2304 Orientem
1066 2238 1198 2328 invisit,
1213 2239 1355 2324 inquie-

291 2360 421 2423 temet
446 2356 663 2442 squalentem
689 2352 866 2420 nationem
887 2353 1062 2440 despexit,
1087 2360 1124 2421 ut
1147 2355 1355 2423 Ammianus

291 2477 440 2540 testatur
452 2474 477 2538 ².
496 2475 534 2538 ln
546 2469 699 2558 judaicis
716 2471 813 2538 libris
829 2472 944 2559 plura,
959 2473 1019 2539 sed
1033 2470 1276 2538 commenticia
1292 2477 1357 2538 aut

291 2588 415 2655 saltem
431 2587 572 2658 minime
588 2586 793 2653 verisimilia
807 2587 1011 2673 reperimus.
1026 2587 1061 2654 Si
1077 2587 1147 2653 illis
1163 2587 1351 2669 credimus,

292 2723 412 2771 eorum
429 2703 592 2770 sacerdos
608 2703 721 2770 Rabbi
738 2703 875 2770 lebnda
891 2703 1034 2770 haNasi
1050 2702 1200 2788 principi
1213 2702 1354 2768 cuidam

291 2839 450 2899 romano,
469 2839 569 2905 quem
586 2820 798 2886 Antoninum
816 2817 1027 2886 ben-Asveri
1046 2825 1189 2902 vocant,
1210 2818 1354 2885 amicis-

291 2936 398 3004 simus
419 2935 494 3003 fuit.
516 2934 691 3002 Plurimos
712 2934 907 3002 Antoninos
931 2934 1036 3002 luisse
1054 2954 1162 3021 supra
1179 2938 1352 3002 observa-

290 3131 433 3201 perante,
460 3129 561 3186 nullus
586 3130 778 3186 Christianus
802 3130 833 3184 in
857 3131 983 3198 senatu,
1015 3131 1187 3200 Symmachi
1212 3132 1351 3202 tempore

291 3215 490 3272 nobilissimae
507 3221 614 3283 gentes
631 3215 761 3270 ethnicae
777 3218 875 3270 erant.
892 3245 926 3255 -
948 3217 989 3271 De
1007 3217 1148 3270 veterum
1164 3215 1352 3285 scriptorum

290 3299 381 3356 valde
403 3300 535 3356 diversis
559 3299 831 3371 supputationibus
854 3300 917 3355 vid.
941 3301 972 3355 E.
994 3300 1108 3368 Rauen,
1125 3300 1351 3368 Marc-Aurata,

243 3515 246 3524 i
303 3532 306 3540 ¹
327 3470 352 3525 1.
375 3469 439 3525 vid.
454 3471 554 3535 Kuhn,
565 3471 621 3525 Die
634 3471 805 3526 stoedlisclte
818 3469 954 3537 Verfess.
966 3473 1019 3524 des
1032 3471 1216 3526 roemiscltea
1231 3472 1352 3537 Reiclts,

290 3555 423 3626 Leipzig,
442 3552 519 3622 teet,
535 3555 556 3622 l,
573 3570 602 3625 p.
619 3553 662 3610 23.
681 3569 709 3609 n.
726 3553 774 3626 983
790 3554 971 3624 Marquardt
988 3570 1015 3610 u.
1033 3556 1211 3624 Mommsen,
1230 3557 1352 3612 Handb.

290 3645 348 3697 der·
360 3642 546 3698 roemiseben
561 3638 777 3706 Alterthiimer,
791 3654 834 3708 vx,
850 3655 880 3711 p.
896 3638 931 3694 80
957 3643 981 3695 A
995 3639 1073 3694 Julio
1085 3643 1204 3695 caesare
1220 3640 1352 3709 benigne

291 3725 389 3780 habiti
405 3728 504 3792 erant,
518 3725 567 3794 qui
585 3725 792 3781 Orientalibus
807 3725 1008 3793 religionibus
1023 3724 1156 3780 faverat.
1174 3724 1256 3780 Suet.
1276 3725 1351 3780 Coes.

290 3808 334 3877 la,
350 3809 394 3864 8l.
411 3810 499 3865 Multi
515 3824 568 3865 eos
583 3809 766 3886 Christianis
782 3809 997 3866 anteferebant
1016 3810 1089 3878 quia
1099 3808 1226 3878 judaica
1241 3807 1352 3876 religio

289 3886 419 3966 propria
435 3894 524 3949 unius
539 3894 643 3965 populi
660 3897 737 3950 erat.
754 3894 830 3950 Cels.
848 3909 896 3964 ap.
911 3895 993 3963 Orig,
1010 3896 1045 3959 V,
1055 3895 1190 3961 passim.

326 3978 351 4034 2.
373 3997 389 4032 «
409 3978 461 4033 llle
475 3979 555 4033 enim
572 3994 640 4034 cum
656 3980 853 4034 Palaestinam
869 3979 1027 4046 transiret,
1048 3979 1215 4048 AEgyptum
1230 3977 1351 4049 petens,

290 4064 463 4120 foetentium
485 4063 658 4118 ludaeorum
672 4065 704 4120 et
720 4062 973 4118 tumultuantium
989 4077 1070 4133 saepe
1086 4062 1178 4118 taedio
1197 4062 1350 4133 percituS,

291 4149 430 4206 dolenter
444 4148 558 4203 dicitur
572 4149 778 4204 exclamasse:
794 4150 815 4203 0
832 4148 1039 4203 Marcomanni
1054 4148 1059 4202 1
1076 4148 1097 4202 0
1111 4146 1204 4210 Quadi
1218 4148 1223 4202 1
1242 4149 1263 4202 0
1278 4149 1352 4202 Sar-

290 4233 398 4290 mataet
413 4231 538 4290 taudem
554 4234 631 4289 alios
646 4233 733 4288 vobis
748 4233 912 4288 inertiores
926 4231 1042 4287 inveni.
1057 4249 1073 4286 »
1089 4243 1166 4302 rxu,
1179 4228 1206 4286 6.
