3128 4962
617 409 660 454 nn
682 407 768 456 suun
791 406 909 456 c1v1n1.
1250 386 1293 452 93

235 533 313 598 tata
329 528 443 597 effecit
458 548 501 596 ne
518 529 621 597 aliter
638 528 883 596 alimentorum
900 526 1092 595 transactio
1107 529 1189 594 rata
1201 537 1293 595 esset

236 665 342 732 quam
370 645 400 712 si
421 650 565 712 auctore
590 653 743 732 praetore
771 646 875 712 iacta.
907 645 1003 712 Adeo
1031 643 1176 712 timebat
1202 661 1244 710 ne
1268 640 1294 709 ir

236 762 362 848 quibus
379 760 547 829 alimenta
564 763 786 844 deberentur,
806 761 1013 830 necessitate
1036 758 1208 848 oppressi,
1226 760 1294 825 mi-

236 879 329 945 nimo
346 898 410 967 pro
429 879 543 966 pretio
554 877 637 966 jure
653 898 716 946 suo
737 878 1007 966 spoliarenturl.

519 1155 537 1237 ἓ
561 1102 663 1220 2,-
686 1155 740 1220 De
754 1157 847 1236 jure
869 1170 1013 1220 rerum.

281 1376 380 1450 Quod
405 1375 449 1442 ad
461 1372 522 1460 jus
542 1393 659 1442 rerum
681 1375 820 1461 attinet,
839 1376 947 1444 Marci
964 1375 1229 1444 constitutiones
1249 1376 1295 1444 ad

239 1491 490 1578 usucapioneS‚
524 1493 740 1560 hereditates
776 1496 812 1561 et
848 1492 1085 1579 obligationes
1116 1492 1294 1580 praecipue

237 1613 407 1694 spectant.
427 1609 514 1684 Quae
531 1608 654 1676 ordine
669 1609 876 1678 videbimus.

280 1846 314 1899 A.
334 1847 375 1900 De
390 1845 629 1916 usucapionibus
643 1846 675 1902 et
690 1845 774 1914 longi
788 1846 939 1917 temporis
953 1846 1250 1918 praescriptionibus

280 2022 329 2103 De
353 2039 568 2125 usucapione
588 2058 660 2123 pro
682 2042 816 2107 beredo
840 2041 947 2126 paulo
976 2039 1116 2126 longius
1140 2041 1295 2108 dissere-

236 2170 313 2219 mus
336 2173 345 2218 :
370 2153 446 2241 ejus
468 2155 561 2223 enim
585 2175 671 2224 vera
694 2162 823 2224 natura
847 2155 984 2224 nonnisi
1012 2156 1211 2243 nuperrime
1232 2174 1295 2222 co·

237 2267 337 2350 gnita
357 2273 442 2339 esti.
463 2308 505 2321 -
524 2272 701 2360 Principio
718 2273 749 2340 is
767 2273 827 2359 qui
845 2292 902 2394 rps
922 2272 1158 2341 hereditarias
1174 2290 1295 2339 omnes

239 2386 292 2452 vel
327 2405 448 2454 eorum
481 2387 652 2476 majorem
681 2395 819 2477 partem
849 2410 915 2457 uno
947 2409 1038 2456 anno
1068 2388 1294 2476 possederat,

237 2503 377 2572 heredis
391 2503 504 2592 ipsum
521 2505 660 2572 titulum
679 2505 896 2592 acquirebat,
912 2525 979 2572 non
998 2505 1108 2605 igitur
1124 2507 1227 2574 modo
1239 2523 1296 2572 res

238 2623 441 2710 corporales
467 2644 546 2709 quae
576 2623 611 2690 in
640 2623 716 2710 ejus
741 2623 962 2710 possessione
987 2624 1146 2707 fuerant,
1175 2643 1295 2691 verum

238 2738 345 2805 etiam
373 2740 463 2806 alias
491 2758 547 2807 res
572 2741 776 2826 corporales
800 2735 835 2806 et
855 2739 942 2827 jura
967 2739 1194 2807 hereditaria.
1224 2743 1298 2807 Hoc

237 2855 462 2923 constitutum
480 2862 558 2922 crat
584 2859 623 2922 ut
647 2857 793 2923 heredes
815 2855 1048 2930 hereditatem
1072 2855 1171 2923 adire
1197 2856 1297 2923 festi-

237 2975 375 3053 narent,
398 2971 443 3038 ad
466 2972 636 3039 solvenda
653 2971 773 3039 debita
795 2990 942 3038 necnon
961 2961 1064 3039 sacra
1080 2972 1222 3058 privata
1237 2991 1298 3040 co-

239 3087 353 3154 lenda.
372 3087 456 3155 Cum
479 3092 596 3155 autem
615 3091 748 3175 praetor
770 3088 962 3155 creditores
985 3087 1021 3155 in
1041 3088 1297 3175 possessionem

238 3205 409 3271 bonorum
432 3203 599 3271 debitoris
622 3204 777 3272 defuncti
800 3204 895 3272 misit
918 3210 953 3272 et
976 3191 1079 3272 sacra
1095 3205 1237 3292 privata
1261 3205 1296 3272 in

239 3320 503 3387 desuetudinem
529 3321 708 3404 abierunt,
735 3324 811 3388 haec
833 3321 1001 3408 usucapio
1028 3340 1069 3389 eo
1090 3322 1205 3407 magis
1224 3322 1299 3389 sin-

239 3437 375 3520 gularis
396 3435 473 3503 visa
492 3441 545 3504 est
567 3439 661 3523 quod
678 3436 761 3523 jure
784 3438 959 3505 communi
982 3457 1038 3505 res
1057 3437 1298 3526 incorporales

240 3551 386 3638 usucapi
413 3571 480 3619 non
501 3556 678 3638 poterant.
702 3555 878 3636 Improbe
903 3553 1159 3640 ajurisperitis
1181 3553 1298 3621 nomi-

277 3762 299 3817 1.
316 3764 346 3818 L.
362 3761 450 3833 8pr.‚
465 3764 509 3829 D.,
523 3765 561 3818 de
579 3764 749 3830 Transeat,
765 3761 791 3830 2,
809 3760 854 3830 ¹53
870 3761 913 3818 cl.
937 3765 1079 3818 eamdem
1099 3763 1167 3832 lea,
1183 3761 1212 3826 St
1230 3761 1257 3832 t,
1271 3763 1298 3834 3,

239 3845 265 3913 1,
283 3844 309 3916 6,
325 3846 352 3913 8,
374 3846 413 3912 17,
429 3845 478 3913 ao;
495 3847 513 3901 l.
531 3845 579 3916 23,
595 3846 608 3910 S
623 3846 649 3908 t,
668 3849 712 3914 D.,
728 3851 766 3902 de
784 3848 874 3902 cond.
892 3849 1002 3914 iudeo„
1021 3846 1067 3908 tt,
1087 3845 1113 3902 o.
1134 3849 1244 3903 Omnes
1263 3847 1300 3904 de

239 3931 395 3987 alimentis
410 3932 637 3988 transactiones
657 3933 765 3988 stricto
785 3946 875 3988 sensu
893 3932 1094 4004 interpretari
1109 3933 1220 4002 jussit3
1239 3933 1256 3987 l.
1272 3931 1299 4001 8,

240 4015 253 4081 S
272 4014 313 4080 lt,
329 4019 368 4071 ote
386 4018 547 4072 Transeat.

274 4099 300 4156 Ξ.
321 4101 364 4156 cl.
387 4103 417 4156 E.
441 4101 570 4168 Bibola,
592 4103 624 4158 lu
642 4103 766 4156 Saisiue
783 4101 973 4158 heraditutre
994 4117 1031 4156 eu
1052 4104 1138 4158 Drott
1156 4103 1297 4168 romain,

239 4186 387 4240 Nouvelle
401 4187 504 4241 Revue
520 4186 691 4256 historique
707 4187 748 4242 de
757 4188 852 4257 broit,
871 4186 948 4256 1880,
967 4185 1091 4242 lul-tol.

276 4269 302 4325 3.
322 4270 386 4327 Gai.
403 4267 565 4340 11,5t,55;
581 4270 687 4341 Cicera
703 4274 740 4325 de
756 4272 896 4341 Lepidus,
912 4272 946 4340 ll,
964 4268 1005 4325 19.
