3114 4958
558 397 602 443 nn
624 395 710 444 tuan
732 393 889 443 rusurco.
1210 368 1253 436 35

193 519 258 588 tim
275 520 413 588 colunto
426 521 451 586 l.
474 543 491 580 »
512 516 691 585 Facillime
707 517 855 584 Senatus
871 534 931 584 eos
947 515 1061 582 cultus
1085 513 1253 582 admitte·

194 638 258 704 bat
287 634 346 720 qui
373 633 577 720 reipublicae
607 633 711 700 utiles
740 632 961 712 viderentur3
991 649 1035 700 ex
1062 630 1193 718 pietate
1218 629 1254 699 id

196 751 389 838 antiquitus
418 750 549 817 fecerat
566 753 605 816 ut
632 748 766 816 alienos
782 747 867 816 deos
884 751 1005 816 Romae
1026 747 1253 828 conciliaret;

196 865 298 950 dein,
327 883 404 931 cum
437 861 663 950 philosophia
693 863 873 957 numinum
906 860 1121 928 multitudini
1153 861 1256 928 fidem

198 979 421 1062 abstulisset,
452 981 490 1045 ut
522 977 657 1046 animos
694 979 909 1045 asseclarum
941 976 1146 1045 devinciret.
1191 977 1257 1045 Sed
1316 1029 1319 1034 .

199 1115 338 1184 semper
356 1095 443 1162 illud
457 1095 550 1182 quod
563 1113 729 1162 vocamus
744 1096 874 1161 raison
887 1078 1013 1162 d’dtac
1025 1094 1254 1180 sequebatur,

200 1217 235 1280 et
251 1211 470 1300 privatorum
488 1211 670 1298 opiniones
685 1210 787 1299 parvi
804 1210 958 1297 pendere
974 1211 1122 1278 solebat.

244 1329 328 1396 Cum
354 1332 471 1395 autem
498 1327 534 1392 in
559 1326 764 1393 immensum
795 1325 962 1393 crevisset
989 1323 1196 1412 imperium,
1221 1324 1256 1390 in

187 1442 311 1512 ¹variis
333 1441 428 1509 orbis
456 1441 592 1509 romani
609 1441 788 1528 partibus,
814 1442 951 1509 varium
970 1439 1099 1526 agendi
1118 1441 1258 1508 modum

201 1558 390 1646 variosque
413 1577 493 1625 usus
523 1543 848 1625 animadvertimus.
880 1561 917 1625 In
936 1557 1087 1626 Orientis
1107 1556 1259 1643 regioni-

201 1677 280 1757 bus,
316 1674 375 1741 ubi
392 1693 512 1758 graeca
527 1673 650 1758 lingua
678 1679 712 1741 et
739 1675 848 1760 graeci
862 1694 978 1744 mores
997 1674 1258 1761 praevalebant,

201 1789 362 1878 quamvis
381 1790 501 1856 multae
518 1795 633 1857 essent
649 1791 692 1857 de
706 1789 878 1876 religione
896 1796 930 1859 et
948 1790 1174 1878 philosophia
1191 1789 1262 1876 opi-

202 1905 338 1989 niones,
353 1911 487 1972 cunctae
502 1910 617 1972 tamen
634 1906 888 1974 tolerabantur.
906 1906 1006 1982 Quod
1021 1913 1056 1974 et
1069 1906 1262 1986 Cremutius

204 2023 337 2090 Cordus
349 2020 444 2108 apud
461 2021 618 2089 Tacitum
636 2026 806 2090 testatur:
828 2047 844 2086 «
860 2026 937 2092 Non
953 2024 1089 2111 attingo
1107 2027 1260 2104 GraecoS,

204 2135 329 2222 inquit,
346 2155 494 2222 quorum
514 2154 582 2202 non
601 2135 703 2202 modo
721 2135 879 2220 libertas
896 2137 1002 2206 etiam
1022 2139 1129 2207 libido
1145 2139 1262 2226 impu-

204 2250 300 2331 nita;
323 2254 395 2329 aut,
417 2249 447 2317 si
473 2249 550 2336 quis
570 2251 744 2334 advertit,
766 2251 868 2319 dictis
893 2253 987 2322 dicta
1013 2255 1105 2322 ultus
1132 2257 1221 2323 esth
1243 2271 1267 2318 »·

204 2366 406 2434 Hadrianus
432 2366 657 2434 Alexandriae
685 2367 881 2435 mirabatur
909 2371 1001 2456 quod
1020 2371 1182 2456 plurimae
1201 2390 1264 2437 su-

205 2481 431 2570 perstitiones
456 2487 490 2548 et
510 2480 700 2566 religiones
722 2481 771 2548 ibi
798 2483 887 2549 adeo
910 2484 1205 2554 confunderentur
1229 2491 1267 2552 ut
1362 2489 1365 2496 '

206 2575 312 2666 unam
332 2597 532 2665 viderentur
549 2597 687 2664 efficere
699 2599 724 2665 ³.

250 2715 343 2782 Idem
360 2713 564 2800 imperator,
584 2713 643 2799 qui
658 2713 791 2800 primus
813 2714 904 2782 inter
923 2717 1073 2804 optimos
1089 2718 1267 2806 principes

207 2827 358 2913 Augusti
374 2826 535 2893 instituta
551 2825 716 2910 deseruit,
733 2827 850 2914 potius
869 2849 1007 2915 graecus
1022 2850 1127 2918 quam
1148 2851 1267 2899 roma-

206 2963 285 3027 nus,
310 2942 462 3010 maxime
483 2942 528 3010 ad
548 2943 707 3012 omnibus
729 2943 959 3031 religionibus
976 2948 1163 3015 favendum
1180 2967 1267 3036 pro-

208 3079 276 3127 nus
293 3057 371 3140 suit,
388 3062 427 3125 ut
444 3065 569 3145 postea
584 3061 785 3129 Alexander
806 3063 953 3130 Severus
966 3063 991 3129 4.

211 3310 290 3362 Dieu
307 3310 346 3362 de
360 3309 392 3362 la
405 3307 551 3363 muniere
564 3309 618 3377 qui
635 3309 681 3362 lui
701 3311 814 3363 semble
830 3311 861 3364 la
880 3312 1052 3366 meilleure.
1071 3329 1086 3366 »
1103 3315 1159 3380 (Du
1175 3315 1268 3382 Poly-

212 3391 342 3449 tbeicme
354 3393 490 3448 romain.
508 3393 605 3456 Paris,
625 3391 701 3460 1833,
718 3406 750 3461 11,
766 3392 783 3447 3
802 3392 840 3458 8).

248 3477 273 3533 l.
294 3476 354 3532 cic.
370 3480 408 3532 de
428 3478 575 3545 Legibus,
592 3491 631 3546 11,
648 3476 681 3546 83
703 3478 745 3533 Cf.
760 3479 842 3533 lert.
858 3481 946 3546 Apol.
962 3478 989 3536 5.
1007 3483 1048 3535 De
1067 3481 1216 3550 religione
1238 3484 1269 3538 in

210 3559 340 3630 imperio
351 3573 477 3614 romano
487 3559 596 3630 primis
607 3561 678 3631 post
688 3561 739 3616 Ch.
750 3577 779 3616 n.
791 3563 981 3632 temporibus
1002 3562 1065 3618 vid.
1077 3567 1111 3619 A.
1124 3564 1270 3627 Schmidt,

213 3645 389 3700 Gesebicbte
408 3647 465 3699 der
485 3646 661 3700 Derris-und
689 3646 972 3714 Glaubensfrethez't
993 3651 1037 3702 im
1059 3653 1160 3704 erclen
1179 3651 1272 3705 Jahr-

211 3730 347 3784 hundert
365 3732 422 3784 der
440 3731 744 3798 Kaiserberrschaft,
765 3733 877 3801 Berlin,
902 3733 983 3805 luuh
1006 3736 1039 3791 G.
1062 3735 1205 3805 Boissier‚
1227 3737 1250 3789 L

211 3815 349 3952 regipsson
371 3817 514 3952 romeggnc
533 3817 700 3885 u’nupuste
724 3833 791 3874 auo:
815 3821 977 3876 Antonine.
1003 3822 1100 3891 Paris,
1120 3819 1197 3892 1874,
1213 3820 1271 3877 lv.

270 3939 276 3952 .
319 3911 372 3952 nn.
387 3911 431 3967 1v,
485 3941 491 3953 .

249 3980 276 4036 3.
298 3980 443 4037 Hadrian.
472 3986 550 4051 Aug.
575 3983 615 4038 ad
636 3984 817 4040 Servianum
841 4000 913 4053 cos,
941 4001 992 4054 ap.
1019 3987 1136 4054 Vopisc.
1160 3989 1194 4042 in
1218 3989 1273 4042 Sa-

216 4070 300 4134 tura,
316 4065 343 4122 8.
360 4069 401 4121 De
415 4065 598 4136 religionum
614 4068 726 4137 quaein
742 4069 864 4124 Oriente
875 4070 1025 4138 vigebant
1037 4069 1200 4126 concordia
1210 4071 1273 4127 vid.

216 4147 332 4218 Ronan,
347 4150 576 4220 Maronianae,
592 4165 623 4221 p.
639 4150 683 4206 43.
1188 4141 1193 4152 ’

253 4231 280 4287 l.
300 4234 454 4305 Lamprid.
471 4236 560 4290 Aleon.
577 4233 621 4303 ll,
636 4234 680 4291 lv.
