3114 4958
297 354 345 426 22
715 371 801 418 raas
825 372 941 418 aaron.

248 557 251 562 .
301 494 441 583 iniquas
464 493 517 581 (ut
542 491 984 582 recentioribusapparet)
1008 492 1248 562 distinctiones
1271 492 1363 561 inter

304 610 507 679 humiliores
525 612 561 677 et
575 609 796 676 honestiores
812 609 1055 683 constituisse..

348 731 401 794 Ex
418 727 461 793 iis
483 724 702 811 argumentis
718 725 837 792 omnia
856 726 1011 812 potuisse
1027 724 1233 813 principem,
1253 743 1365 810 neque

302 842 380 930 jam
396 841 619 909 metuendum
637 820 689 906 illi
714 841 820 907 ullum
838 840 994 908 ordinem
1008 841 1114 909 luisse
1131 843 1281 908 constat.
1295 842 1367 906 Nec

308 959 415 1044 longo
431 960 512 1044 post
529 955 716 1038 intervallo
732 957 903 1043 Ulpianus
915 958 990 1024 haec
1007 959 1116 1024 verba
1132 955 1273 1043 scripsit
1289 975 1367 1042 quae

309 1092 446 1142 summa
462 1071 601 1159 imperii
621 1070 713 1165 ratio
730 1071 947 1139 factasunt:
968 1073 1111 1148 «Quod.
1118 1071 1268 1160 principi
1286 1072 1368 1158 pla-

312 1189 395 1270 cuit,
414 1188 505 1273 legis
521 1189 629 1268 habet
646 1186 804 1272 vigorem
817 1190 841 1254 ¹.
858 1212 875 1250 »
894 1189 1008 1276 Nullae
1025 1187 1102 1275 jam
1120 1195 1236 1273 leges3
1261 1206 1369 1255 sena-

312 1305 550 1387 tusconsulta,
575 1321 722 1389 quorum
743 1303 825 1370 olim
842 1323 975 1390 magna
990 1304 1093 1392 copia
1110 1304 1238 1382 fuerat,
1255 1303 1371 1372 minus

310 1418 510 1507 frequentia
531 1423 566 1515 et
588 1418 632 1485 ad
658 1417 910 1504 imperatorum
931 1419 1109 1486 orationes
1128 1437 1229 1505 paene
1252 1417 1373 1486 omnia

311 1537 447 1616 lactan
474 1533 771 1603 'constitutionum
808 1534 977 1621 principis
1017 1553 1181 1602 numerus
1214 1533 1372 1622 quotidie

314 1657 457 1732 auctus;
474 1650 614 1739 jamdiu
638 1650 812 1718 libertatis
829 1650 1062 1718 amantissimi
1084 1650 1151 1717 viri
1168 1650 1373 1744 reipublicae

312 1767 557 1855 restaurandae
581 1786 679 1855 spem
706 1767 918 1848 amiserant3
946 1771 1072 1836 cuncta
1097 1768 1143 1834 ad
1164 1766 1373 1840 orientalem

313 1883 537 1980 tyrannidem
555 1884 782 1967 vergebant

358 1997 425 2074 Qui
446 1997 481 2064 in
504 2000 588 2076 orbe
612 2015 759 2065 romano
782 1997 925 2065 effectus
942 1997 1047 2085 hujus
1066 1995 1243 2064 immodici
1258 1995 1374 2083 impe-

314 2113 359 2181 rii
378 2112 589 2201 philosopho
610 2117 645 2180 et
661 2111 915 2202 modestissimo
935 2114 999 2180 sub
1016 2111 1378 2200 imperatore-luerint

316 2227 575 2312 investiganda
590 2227 785 2320 videbimus
801 2233 969 2314 quantum
983 2227 1181 2295 erraverint
1195 2227 1295 2314 iiqui
1311 2229 1378 2294 hcc

317 2343 487 2434 optimum
500 2345 658 2429 regimen
674 2343 781 2412 luisse
795 2343 1050 2412 censueruntl:
1069 2343 1172 2411 simul
1185 2347 1301 2412 autem
1319 2343 1379 2410 mi·

317 2437 475 2540 radimur
496 2461 606 2529 Marci
622 2461 758 2528 Aurelii
774 2461 953 2554 assiduum
975 2462 1149 2542 laborem,
1170 2464 1378 2547 perpetuam

295 2567 298 2574 ’
319 2577 599 2667 providentiam,
627 2561 895 2662 benignissimos
920 2595 1053 2659 mores,
1069 2575 1161 2663 juris
1182 2575 1388 2657 scientiam..

542 2829 560 2912 ς
579 2826 614 2894 3.
632 2862 674 2879 -
693 2828 743 2894 De
757 2827 874 2894 ltalia
890 2829 924 2894 et
935 2775 1159 2910 provinciis.-

367 3022 507 3092 Tacitus
524 3023 633 3092 refert
660 3022 816 3092 Olodium
843 3021 1061 3099 Quirinalem
1082 3020 1279 3089 incusatum
1305 3039 1384 3090 esse

323 3144 359 3210 et
377 3159 509 3208 veneno
527 3138 789 3207 damnationem
812 3137 1056 3219 antevertisse,
1075 3137 1167 3222 quod
1189 3137 1384 3204 Praefectus

323 3257 496 3346 remigum
511 3255 572 3345 qui
588 3259 768 3324 Ravennae
785 3257 1011 3338 haberentur,
1027 3257 1125 3323 oelnt
1139 3255 1310 3343 infirnont
1322 3273 1387 3322 no

324 3480 392 3522 rena
409 3479 527 3522 auram
539 3461 725 3544 captantem,
738 3446 955 3530 blandientem,
964 3465 1090 3532 plebem
1099 3466 1318 3528 demerendam,
1332 3463 1389 3518 sed

213 3627 217 3636 ι
324 3553 463 3609 sobrium
473 3551 507 3604 in
525 3552 666 3606 omnibns
680 3554 709 3605 et
723 3543 946 3606 constantem...
962 3551 980 3602 »'
990 3543 1069 3605 ldid.
1085 3549 1106 3617 l,
1121 3546 1165 3605 lii.
1221 3573 1224 3578 ·

363 3638 388 3695 l.
408 3639 439 3692 u.
449 3632 484 3707 11,
500 3649 548 3706 pr.
564 3637 598 3692 n.
613 3638 651 3690 ue
669 3621 768 3692 oense.
785 3635 936 3704 princip,
954 3633 980 3706 l,
996 3632 1023 3690 u.
1039 3634 1082 3690 or.
1098 3627 1197 3689 lusan
1217 3635 1294 3706 rust.
1318 3632 1343 3703 l,
1359 3631 1388 3704 a,

326 3721 388 3863 86².
409 3807 565 3881 decurias,
582 3803 690 3862 Preces
710 3807 749 3861 de
770 3805 858 3860 droit
877 3807 1003 3862 romain
1023 3803 1062 3872 (2⁶
1076 3802 1123 3860 td.
1140 3801 1243 3874 Paris,
1260 3799 1350 3872 ¹874),
1366 3803 1390 3873 l,

318 3890 480 4036 ἵῬιξῗῖἕίιι
494 3976 599 4034 Fostel
619 3975 656 4033 de
676 3976 860 4062 doulanges,
880 3977 980 4032 instit.
992 3948 1079 4056 polit.
1092 3975 1130 4029 de
1150 3974 1241 4029 l'anc.
1256 3975 1389 4029 France.

330 4064 429 4135 Paris,
447 4061 524 4132 1875,
537 4078 567 4134 p.
584 4060 628 4117 78.
689 4075 690 4080 ¹

366 4147 393 4204 l.
414 4147 542 4205 Plurimi
560 4147 729 4220 superioris
745 4144 847 4205 saeculi
871 4145 1038 4220 scriptores
1058 4145 1224 4202 laudavere
1239 4159 1257 4198 ‹<
1269 4157 1310 4198 un
1324 4141 1392 4200 des·

330 4226 704 4325 potism'ebienlaisant»
795 4271 801 4280 .
