3128 4962
242 373 287 441 98
498 451 499 456 .
617 389 704 438 rans
728 389 929 438 rosrunroa.

241 517 383 597 olenus,
403 513 618 584 Theodosius
644 517 678 582 et
704 514 874 582 Arcadius
901 523 1147 596 correxerunt,
1177 521 1305 602 postea

238 632 455 700 lastinianus
473 631 508 698 in
524 632 673 699 Novella
687 631 839 698 CXVIII.

285 749 369 815 Cum
389 746 423 814 in
443 746 720 815 successionibus
737 766 816 832 quae
841 767 885 814 ex
909 747 1118 834 Orphitiano
1148 751 1309 816 senatus·

238 865 396 931 consulto
423 862 672 930 deferebantur
697 863 794 930 nulla
825 863 916 930 ratio
947 863 1152 948 agnationis
1184 863 1309 931 vincu-

176 1051 178 1054 ,
239 979 353 1046 lorum
371 980 572 1058 haberetur,
586 981 651 1046 has
669 980 804 1062 capitib
820 980 1075 1047 deminutione
1090 999 1158 1046 non
1175 978 1304 1066 perimi

239 1093 457 1180 lastinianus
471 1099 590 1162 monet
601 1097 624 1161 ¹.

282 1212 320 1276 In
348 1209 449 1276 Pauli
479 1210 629 1296 receptis
651 1210 838 1278 Sententiis
864 1211 1159 1278 senatusconsulti
1180 1210 1303 1295 cujus-

239 1327 319 1393 dam
345 1324 544 1411 Orphitiani
566 1325 777 1392 menti0nem
803 1325 1014 1411 reperimus,
1040 1325 1084 1392 de
1111 1325 1304 1392 manumis-

236 1441 392 1508 sionibus
423 1441 544 1527 aliqua
577 1440 773 1509 statuentis.
805 1443 928 1508 Utrum
959 1441 1051 1508 idem
1086 1441 1132 1532 id·
1164 1441 1226 1524 sit,
1254 1461 1301 1509 an

237 1557 334 1650 aliud
361 1557 483 1624 eodem
510 1557 648 1624 nomine
678 1556 912 1642 designatum,
939 1556 1146 1641 ignoratur:
1176 1557 1206 1623 si
1234 1574 1303 1625 non

232 1673 328 1740 ,idem
355 1673 433 1752 snit,
460 1677 617 1759 tempore
641 1672 764 1739 eodem
787 1673 853 1738 hoc
881 1673 992 1739 latum
1021 1672 1128 1740 tuisse
1158 1677 1306 1759 propter

236 1788 394 1856 favorem
410 1787 582 1856 libertatis
598 1788 809 1855 credendum
824 1790 878 1854 est
890 1791 917 1854 Ι.

282 1905 384 1990 Apud
412 1901 623 1970 christianos
655 1908 817 1970 auctores
849 1903 998 1988 legimus
1028 1902 1137 1971 etiam
1170 1903 1307 1990 majore

236 2025 338 2105 parte
356 2022 514 2106 paternae
535 2019 740 2087 hereditatis
763 2017 926 2104 ingratos
949 2017 1081 2086 liliosa
1099 2021 1216 2086 Marco
1233 2017 1308 2104 pri·

236 2141 337 2202 vatos
359 2156 366 2200 :
389 2135 432 2202 de
457 2137 523 2202 hoc
554 2135 667 2202 edicto
694 2135 795 2202 nobis
818 2134 950 2202 tradita
966 2133 1306 2220 jurisconsultorum

237 2265 347 2337 opera
364 2249 469 2317 silent
481 2252 506 2316 ³.
1203 2248 1205 2252 ’
1228 2251 1235 2260 “

281 2365 625 2431 senatusconsultum
648 2382 786 2450 quoque
807 2362 1036 2430 Sabinianum
1062 2362 1221 2429 amultis
1238 2365 1304 2430 sub

235 2483 353 2549 Marco
371 2481 480 2546 latum
497 2498 573 2547 esse
585 2479 739 2547 creditur
756 2499 764 2544 :
781 2479 875 2564 quod
892 2478 1063 2546 nonsatis
1080 2482 1299 2565 compertum

236 2595 329 2664 ascl.

586 2787 616 2842 G.
638 2787 679 2840 De
698 2783 951 2853 obligationibus.

280 2977 374 3048 Nihil
396 2979 433 3045 in
452 2977 615 3046 universo
634 2975 715 3064 jure
737 2995 880 3045 romano
902 2976 1092 3064 perfectius
1117 2995 1223 3062 quam
1240 2972 1303 3062 jus

236 3091 492 3181 obligationum
503 3092 583 3180 fuit,
603 3111 715 3180 neque
728 3092 834 3160 etlam
851 3089 1021 3179 usquead
1037 3094 1195 3159 nostram
1211 3093 1304 3158 aeta-

273 3303 298 3359 Ι.
320 3302 397 3358 lost.
415 3302 462 3371 ΙΙΙ,
478 3299 504 3371 t,
526 3301 540 3366 S
559 3299 585 3356 2.
606 3301 690 3356 Hanc
703 3299 841 3369 regulam
857 3299 907 3354 hic
920 3297 1115 3354 Iustinianus
1136 3295 1302 3368 profitetur

236 3405 253 3443 «
267 3401 365 3444 novas
377 3386 566 3444 hereditates
581 3385 737 3454 legitimas
754 3383 865 3455 capitis
881 3382 1093 3440 deminutione
1109 3395 1170 3436 non
1185 3381 1298 3452 perire,

236 3472 372 3530 sedilias
385 3471 468 3528 solas
482 3485 549 3540 quae
564 3484 604 3526 ex
618 3469 687 3538 lege
701 3469 753 3525 XII
767 3467 944 3526 tabularum
960 3466 1167 3523 deterrentur.
1186 3483 1202 3519 »

271 3555 298 3613 Ξ.
318 3559 397 3612 sent.
415 3557 463 3625 IV,
482 3553 523 3625 m,
540 3555 554 3621 S
571 3555 596 3610 Ι.

271 3641 298 3698 3.
320 3657 335 3695 n
351 3641 403 3698 His
419 3640 564 3707 (Pollione
578 3639 611 3696 et
623 3641 715 3711 Apro)
731 3652 809 3694 coss
825 3638 875 3694 lex
890 3638 940 3694 est
952 3636 1162 3709 promulgata,
1179 3649 1240 3705 qua
1254 3635 1302 3690 in·

236 3727 351 3783 testato
372 3725 477 3796 patres
499 3725 570 3781 filiis
590 3723 803 3790 succederent,
823 3722 946 3791 ingrato
972 3735 1047 3776 vero
1069 3719 1131 3776 filio
1152 3720 1302 3776 bonorum

237 3811 437 3883 paternorum
458 3810 569 3878 quarta
587 3807 742 3864 duntaxat
763 3820 835 3878 pars
858 3806 995 3862 daretur.
1017 3821 1034 3859 ›>
1055 3805 1167 3859 chron.
1191 3803 1303 3859 Pascb.

239 3893 278 3950 ad
293 3907 363 3949 ann.
383 3890 441 3949 tto.
459 3923 493 3933 -
508 3909 523 3948 ‹<
538 3895 660 3950 Marcus
677 3892 737 3948 iste
751 3891 921 3962 imperator
937 3889 1112 3960 aequissimo
1129 3903 1184 3945 suo
1203 3887 1302 3943 edicto

236 3978 342 4049 Jussit‚
355 3979 389 4034 ut
403 3977 560 4035 intestatis
574 3976 680 4032 liberIs
695 3977 727 4032 in
742 3977 830 4032 bonis
842 3979 932 4048 pater
946 3973 1142 4031 succederet:
1158 3974 1190 4029 et
1202 3973 1306 4041 ingra-

240 4065 291 4118 tus
306 4061 400 4117 etiam
414 4060 495 4117 filius
507 4076 549 4117 ex
562 4060 731 4131 quadrante
744 4062 847 4116 tamen
862 4060 952 4115 heres
967 4061 1059 4114 esset.
1073 4074 1088 4111 ›>
1100 4057 1227 4113 Ioannis
1242 4057 1306 4111 Ma-

243 4139 312 4201 lulac
329 4146 511 4214 chronogr„
528 4145 571 4201 ll.

277 4227 302 4284 Ι.
324 4231 411 4298 snat,
428 4231 474 4298 ΙΙΙ,
492 4230 516 4299 Ι,
532 4230 545 4294 S
562 4227 605 4284 ll.
621 4259 654 4270 -
670 4230 821 4298 nucarios,
837 4243 885 4297 op.
901 4229 964 4296 cit,
983 4229 1016 4295 ΙΙ,
1031 4242 1064 4298 p.
1082 4223 1124 4295 lb,
1138 4240 1167 4280 n.
1186 4225 1210 4280 l.
