3128 4962
292 307 335 374 56
704 321 791 371 Puns
813 322 929 370 rnroa.

290 450 415 518 beret:
434 466 478 515 ex
495 465 562 533 quo
580 445 718 533 quidem
737 465 831 532 saepe
848 445 939 532 jocis
962 445 1193 533 popularibus
1218 444 1349 512 dicitur

292 555 511 632 lacessitusl.
529 587 546 624 »
575 565 646 629 Nec
670 562 853 649 plebecula
879 566 993 628 tamen
1021 562 1098 629 sola
1121 564 1193 628 tum
1211 561 1349 628 circen-

291 682 388 748 sibus
427 679 671 747 oblectabatur
703 699 711 743 ι
743 697 820 744 cum
859 679 1042 763 quemdam
1077 677 1347 759 Veterasinum,

291 798 395 864 famae
422 794 659 874 detestandae,
687 795 853 861 honorem
870 799 1045 879 petentem
1065 796 1201 860 llarcus
1222 794 1351 860 admo-

291 916 390 980 neret
410 915 448 978 ut
464 930 501 978 se
518 911 563 977 ab
580 909 803 997 opinionibus
823 909 943 997 populi
962 909 1172 991 vindicaret,
1193 909 1252 976 ille
1270 929 1350 977 res-

290 1026 413 1115 pondit
434 1048 442 1092 ε
465 1027 628 1094 «multos
653 1025 711 1111 qui
735 1045 851 1093 secum
878 1025 914 1091 in
942 1027 1076 1092 harena
1102 1033 1347 1111 pugnassent,

291 1163 329 1210 se
358 1146 528 1230 praetores
555 1142 709 1209 viderel.
738 1166 754 1202 ›>
783 1179 821 1189 -
843 1143 891 1208 Eo
920 1141 1034 1227 magis
1067 1141 1263 1208 laudandus
1294 1146 1351 1208 est

290 1258 454 1346 princeps
465 1258 523 1344 qui
539 1264 685 1345 propter
701 1257 1002 1324 mansuetudinem
1021 1257 1178 1324 crudeles
1195 1257 1348 1325 dimica-

290 1375 404 1444 tiones
422 1393 511 1461 quas
526 1373 631 1461 primi
647 1372 838 1441 Christiani
855 1373 1087 1460 imperatores
1103 1373 1171 1461 ipsi
1189 1393 1258 1441 non
1275 1394 1351 1441 sus·

242 1472 244 1478 ¹
292 1490 464 1574 tulerunt,
483 1488 693 1577 temperavit
711 1493 746 1557 et
770 1488 884 1556 minus
900 1491 1063 1557 cruentas
1080 1493 1201 1587 Romae
1218 1490 1345 1558 effecit.

291 1611 330 1674 In
345 1605 423 1674 aliis
440 1625 510 1674 non
526 1609 598 1674 tam
613 1605 780 1673 luctuosis
799 1605 1008 1694 spectaculis
1028 1606 1135 1674 etiam
1161 1607 1347 1674 humanis-

292 1723 381 1790 sima
407 1721 585 1790 decrevit:
602 1721 786 1789 cunabulis
807 1727 887 1808 post
912 1741 1062 1808 puerum
1080 1723 1217 1809 lapsum
1234 1723 1347 1790 culci-

292 1844 365 1908 tras
381 1837 506 1926 subjici
517 1837 624 1926 jussit
643 1862 659 1900 <‹
675 1838 765 1905 unde
783 1837 951 1924 hodieque
967 1842 1041 1905 rete
1060 1839 1304 1924 praetenditur,
1324 1865 1343 1904 »

292 1955 389 2023 addit
406 1953 632 2040 Capitolinus
643 1955 786 2022 'Utinam
801 1940 893 2022 nuno
909 1974 1047 2040 quoque
1067 1957 1132 2023 hoc
1151 1955 1246 2024 illius
1258 1956 1349 2024 edic-

291 2076 363 2139 tum
383 2070 538 2156 vigerem

335 2189 422 2253 Dum
441 2189 541 2253 tanta
557 2185 742 2271 diligentia
758 2185 937 2253 lenitatem
953 2186 1155 2268 custodiret,
1173 2187 1208 2254 in
1224 2207 1261 2255 se
1277 2208 1350 2276 sce-

291 2303 406 2370 nicam
423 2302 600 2370 licentiam
613 2302 770 2371 exerceri
780 2301 1227 2389 patientissimetolerabal
1237 2326 1244 2370 :
1256 2306 1347 2374 adeo

291 2417 453 2485 veritatis
468 2417 644 2485 studiosus
660 2421 737 2486 erat
748 2419 773 2486 ³.

335 2536 413 2621 Ipse
428 2533 554 2619 graecis
578 2532 705 2602 litteris
723 2538 758 2602 et
774 2533 998 2621 philosophia
1017 2534 1172 2602 eruditus
1187 2586 1195 2618 ,
1214 2536 1350 2604 doctri-

292 2669 416 2717 narum
433 2649 587 2717 omnium
603 2649 847 2737 praelectiones
859 2649 1005 2716 Athenis
1023 2649 1168 2730 creavit,
1192 2656 1229 2720 ut
1244 2671 1347 2721 nemo

292 2770 383 2833 esset
394 2765 450 2833 cui
465 2783 534 2832 non
554 2765 669 2833 aditus
686 2768 845 2852 pateret,
864 2770 899 2833 et
914 2765 1022 2833 variis
1039 2765 1169 2850 linguis
1186 2767 1298 2835 editas
1310 2768 1344 2852 l,

291 2883 385 2968 quod
402 2882 507 2968 plane
524 2900 650 2948 novum
669 2885 703 2948 et
717 2881 913 2949 inauditum
931 2886 1019 2949 erat.
1040 2885 1128 2963 Nec,
1143 2883 1247 2950 nimis
1263 2885 1348 2950 mul-

291 2985 405 3064 torum
429 2997 717 3084 philosophorum
739 2997 862 3076 instar,
888 3017 961 3064 suae
982 2996 1216 3084 philosophiae
1246 2999 1347 3067 unice

293 3115 453 3196 favebat,
473 3114 533 3181 sed
550 3115 644 3202 apud
660 3115 779 3182 varias
795 3114 1028 3202 philosophiae
1050 3116 1188 3182 scholas
1204 3117 1347 3203 profes-

294 3249 391 3298 sores
407 3229 516 3315 elegit
526 3231 551 3299 5.

331 3506 355 3562 l.
375 3505 472 3578 capit.
487 3507 561 3562 ibid.
580 3505 622 3562 15.

328 3588 356 3646 Ξ.
375 3592 422 3646 Id.
438 3591 511 3646 ibid.
530 3589 571 3647 12.

237 3709 245 3729 .
329 3675 356 3732 3.
375 3691 392 3729 <<
407 3675 481 3731 Erat
499 3675 579 3732 enim
595 3675 685 3732 famae
707 3690 769 3734 suae
791 3677 1000 3748 curiossimus,
1016 3680 1047 3735 et
1061 3679 1220 3749 requirens
1235 3679 1273 3736 ad
1291 3695 1345 3735 ve-

235 3801 239 3813 ,
294 3775 362 3816 rum
374 3760 446 3830 quid
457 3761 583 3830 quisque
596 3760 633 3816 de
641 3775 673 3818 se
684 3761 810 3827 diceret,
822 3763 989 3820 emendans
999 3779 1064 3834 quae
1075 3765 1151 3820 hene
1161 3765 1348 3836 reprehensa

294 3844 509 3902 viderentur.»
526 3846 622 3917 capit.
638 3848 711 3903 ibid.
728 3847 805 3910 Quot
818 3848 973 3920 principes
988 3851 1110 3906 omnino
1120 3850 1244 3908 diverso
1257 3850 1346 3906 modo

294 3929 408 3986 famam
423 3944 510 3986 suam
524 3932 711 4007 curaverunt
726 3932 731 3986 l

329 4012 355 4072 E.
376 4016 452 4068 Πᾶσιν
468 4015 599 4086 ἀνθρώποις
615 4017 770 4077 διδασιάλους
788 4017 826 4070 im
840 4018 917 4082 πάσης
935 4017 1011 4088 λόγου
1030 4020 1135 4080 παιδείας
1153 4020 1236 4092 μίσθὸν
1254 4017 1347 4087 ἐτὴσιον

294 4101 418 4172 φέροντας.
436 4099 499 4157 Dio.
516 4113 599 4155 nxxr.
616 4100 660 4157 31.
677 4099 720 4157 cf.
742 4100 960 4157 Zonar.x11.3.

329 4183 355 4243 5.
376 4185 475 4242 Multa
484 4185 521 4241 de
532 4179 723 4258 philosophis
733 4184 933 4244 illiusaetalis
945 4186 1140 4259 reperiuntur
1150 4190 1230 4262 apud
1241 4189 1345 4247 Fried-
