3128 4962
308 428 371 496 100
684 448 770 496 nnus
794 449 993 497 rosrnnron.

305 568 642 638 Commentariorum
653 572 791 656 partem
807 589 888 656 quae
898 571 944 638 ad
957 570 1113 638 actiones
1130 571 1266 657 spectat
1282 589 1370 638 sorr-

304 684 416 752 beret.
434 663 624 752 iustiniani
638 704 722 752 vero
739 685 774 752 in
793 685 1075 754 institutionibus
1090 684 1242 772 legimus
1263 706 1271 751 :
1292 709 1309 748 «
1330 687 1370 752 In

304 798 434 867 strictis
453 798 597 886 judiciis
619 819 664 868 ex
687 801 859 889 rescripto
883 804 923 868 D.
952 799 1076 884 Marci,
1105 801 1270 888 opposita
1297 800 1372 870 doli

304 914 388 982 mali
420 915 644 1003 exceptione,
678 908 917 1004 compensatio
946 916 1189 984 inducebatur.
1218 942 1233 980 »
1269 915 1372 994 Quod

305 1032 518 1118 Theophilus
530 1031 665 1118 pariter
680 1031 807 1100 asserit
819 1034 843 1098 l.
860 1033 943 1099 Inde
958 1032 1038 1100 duae
1056 1031 1267 1118 quaestiones
1281 1034 1371 1099 ortae

305 1148 396 1214 sunt.
415 1149 573 1233 Namque
590 1147 688 1234 prius
700 1167 782 1214 num
800 1165 882 1214 vere
897 1150 1034 1215 Marcus
1049 1147 1372 1234 compensationem

304 1263 341 1329 in
361 1261 472 1330 stricti
486 1261 579 1349 J'uris
596 1263 751 1331 actiones
769 1262 961 1345 admiserit,
980 1263 1174 1347 dubitatur,
1193 1262 1371 1350 posterius

305 1398 383 1464 quae
404 1377 508 1466 hujus
525 1378 689 1465 rescripti
706 1378 759 1445 vis
777 1378 894 1446 suerit.

348 1497 396 1562 De
410 1495 529 1580 priore
542 1495 736 1581 quaestione
754 1514 822 1562 non
842 1496 988 1561 multum
1005 1493 1179 1562 disserere
1195 1513 1283 1581 opus
1300 1499 1368 1562 est.

304 1609 491 1677 iustiniani
528 1610 619 1677 enim
648 1615 682 1677 et
708 1610 893 1697 Theophili
928 1610 1015 1676 satis
1043 1613 1150 1678 clarae
1182 1628 1371 1678 assevera-

304 1727 417 1796 tiones
440 1733 532 1794 sunt.
561 1729 631 1794 Nec
652 1726 730 1794 Gaii
751 1726 926 1794 silentium
954 1727 989 1792 in
1014 1725 1280 1794 Commentariis
1301 1725 1371 1792 mi-

304 1845 453 1910 randum
479 1842 562 1929 qnia
589 1848 671 1910 ante
697 1845 905 1931 rescriptum
931 1843 1040 1911 Marci
1069 1862 1129 1910 eos
1156 1841 1372 1930 compositos

305 1976 380 2026 esse
407 1976 477 2024 non
504 1939 708 2025 incredibile
734 1965 799 2025 est.
823 1997 860 2006 -
887 1957 1052 2026 Nonnulli
1076 1957 1215 2044 quidem
1244 1962 1373 2044 putant

299 2073 376 2161 jam
393 2078 474 2140 ante
489 2075 644 2139 Marcum
662 2075 727 2139 hoc
733 2072 793 2159 jus
811 2074 1000 2141 admissum
1015 2093 1091 2141 esse
1108 2079 1143 2141 et
1163 2075 1208 2140 ab
1225 2092 1266 2141 eo
1285 2077 1371 2140 tan-

304 2193 378 2256 tum
397 2189 655 2256 confirmatum.
674 2192 712 2255 ln
731 2189 808 2256 Gaii
824 2189 915 2257 euim
936 2190 1024 2256 libro
1040 2192 1181 2275 quarto,
1199 2189 1290 2256 inter
1305 2207 1369 2276 pa·

305 2306 503 2391 ragraphos
522 2303 564 2370 60
585 2309 620 2371 et
635 2303 675 2371 61
701 2305 788 2372 duas
809 2305 962 2391 paginas
988 2324 1089 2373 nemo
1113 2303 1227 2390 quivit
1248 2306 1371 2389 legere

305 2420 364 2488 ubi
379 2419 650 2506 jurisconsultus
670 2420 712 2488 de
734 2420 1020 2507 compensatione
1047 2419 1083 2487 in
1110 2418 1241 2488 strictis
1264 2419 1370 2506 jndi-

305 2535 368 2602 ciis
384 2534 619 2621 disputavisse
635 2516 821 2604 creditura
841 2540 972 2603 Parum
987 2537 1140 2623 probata
1155 2538 1231 2604 haec
1247 2535 1370 2622 opinio

305 2651 455 2733 videtur,
473 2669 537 2718 nec
552 2650 742 2719 verisimile
757 2656 810 2719 est
823 2651 949 2720 Gaium
963 2652 1006 2720 de
1020 2649 1133 2719 stricti
1143 2650 1236 2738 juris
1251 2651 1374 2718 actio-·

305 2766 407 2834 nibus
420 2767 571 2854 primum
584 2767 798 2852 generaliter
809 2771 992 2850 tractasse,
1009 2767 1089 2835 dein
1103 2767 1145 2836 dc
1161 2768 1264 2835 bonae
1281 2765 1367 2834 fidei

300 2882 455 2970 judiciis
474 2882 602 2950 iterum
621 2885 763 2952 tandem
788 2884 834 2951 de·
855 2882 985 2951 strictis
1003 2882 1147 2972 judiciis
1171 2883 1207 2950 in
1230 2883 1369 2950 duobus

281 2998 543 3083 singularibus
571 2999 731 3082 casibus,
761 2999 894 3066 scilicet
926 3000 1098 3066 bonorum
1128 2997 1297 3085 emptoris
1330 3001 1368 3065 et

307 3114 513 3200 argentarii.
540 3115 682 3201 Aliquot
709 3117 911 3200 fragmenta
937 3121 1019 3182 ante
1049 3117 1204 3181 Marcum
1232 3113 1369 3200 scripta

305 3229 340 3295 in
362 3231 547 3297 Pandectis
564 3233 720 3312 exstant,
741 3230 799 3297 ubi
817 3231 860 3297 de
877 3230 1160 3316 compensatione
1177 3229 1213 3295 in
1233 3228 1366 3297 strictis

279 3387 281 3392 -
301 3345 445 3432 judiciis
466 3345 597 3430 agitur,
622 3347 682 3414 sed
708 3351 769 3413 aut
789 3347 831 3414 de
856 3331 1140 3431 argentariorum
1163 3364 1246 3412 casu
1267 3345 1303 3411 in
1323 3345 1369 3412 iis

307 3464 538 3539 tractabatur,
560 3467 621 3529 aut
640 3480 662 3527 a
679 3462 892 3530 Triboniano
910 3469 1077 3549 corrupta
1095 3464 1210 3529 sunta

351 3578 437 3653 Quae
456 3577 561 3644 luerit
581 3577 742 3664 rescripti
770 3576 822 3644 vis
845 3577 960 3663 magis
985 3578 1201 3663 ambiguum.
1226 3578 1368 3644 Certum

306 3867 439 3936 emptori
454 3863 665 3935 objiciebatur,
686 3865 718 3921 et
738 3853 946 3934 colopensotio
967 3879 1033 3935 quae
1055 3865 1248 3933 carpentariis
1269 3862 1367 3920 inter-

306 3951 486 4023 ponebatur.
504 3951 580 4020 Gai„
597 3951 644 4017 lV,
660 3948 694 4005 63
711 3965 794 4020 seqq.

345 4035 368 4091 l.
389 4037 465 4091 Iasi.
483 4036 530 4103 lV,
546 4033 573 4104 6,
590 4034 661 4099 330.

342 4118 368 4176 2.
389 4119 454 4175 Vid.
472 4119 595 4188 Dubois,
611 4119 688 4190 Gai,
710 4120 837 4188 comm,
852 4135 882 4191 p.
899 4117 961 4174 lll.

342 4204 369 4260 3.
389 4204 434 4261 cf.
454 4203 474 4260 l.
495 4201 526 4274 2,
546 4205 591 4275 D.,
606 4207 644 4260 de
661 4204 854 4273 Compensat.
875 4203 1008 4273 (Julian.)
1015 4219 1024 4274 3
1049 4202 1068 4259 l.
1089 4200 1131 4272 lh,
1151 4205 1218 4259 cod.
1235 4204 1283 4260 tn.
1303 4203 1368 4273 (Ja-

306 4289 390 4358 cob),
408 4288 467 4345 etc.
