3128 4962
314 377 358 444 82
692 399 778 446 runs
803 399 1003 466 rosruruon,

313 539 395 587 uam
426 523 487 587 aut
516 521 659 605 ingenui
687 526 788 589 erant
813 527 873 590 aut
899 524 1004 590 servi.
1032 527 1207 608 Ingenuos
1234 525 1378 613 quidem

312 636 483 723 plurimos
506 637 611 705 fuisse
636 657 680 705 ex
702 638 850 705 diversis
880 641 966 706 locis
985 644 1145 727 apparet
1159 643 1180 704 ¹.
1214 644 1297 711 Cum
1322 644 1380 710 in-

313 753 420 838 genui
442 754 556 822 coloni
578 758 705 836 essent,
727 755 888 841 quamvis
914 755 1088 822 licentiam
1111 776 1180 824 non
1206 761 1381 828 haberent

313 873 441 938 eterra
457 891 562 957 quam
580 873 735 940 colerent
750 872 936 940 recedendi
951 875 985 938 et
1002 873 1127 940 annuis
1140 874 1380 944 functionibus

314 988 458 1056 obnoxii
485 993 617 1070 essent,
647 1007 774 1055 uxores
808 990 950 1072 ducere,
983 989 1112 1058 liberos
1138 990 1174 1059 in
1202 996 1381 1076 potestate

314 1107 457 1188 habere,
477 1104 546 1172 imo
569 1104 758 1172 dominium
776 1106 831 1172 vel
853 1105 1036 1192 acquirere
1051 1107 1107 1172 vel
1130 1108 1283 1202 tradere,
1303 1112 1379 1176 tes-

314 1228 472 1292 tamenta
494 1225 643 1292 condere
672 1228 848 1312 poterant,
875 1228 975 1292 soleo
995 1231 1087 1309 jure
1105 1246 1378 1310 possessorum:

314 1340 365 1408 ita
397 1341 489 1409 euim
521 1341 656 1427 aliquot
689 1342 786 1426 leges
818 1341 1094 1428 interpretandae
1119 1346 1210 1424 suut,
1240 1363 1322 1430 quae
1349 1343 1380 1410 si

315 1456 459 1524 nimium
475 1459 520 1525 ad
538 1459 682 1524 verbum
698 1457 927 1538 intellexeris
947 1477 1068 1526 eorum
1086 1462 1178 1526 bona
1194 1478 1379 1527 servorum

314 1573 451 1660 peculio
472 1573 613 1640 omuino
635 1573 932 1659 aequipararentl.

359 1689 481 1757 Coloni
498 1694 613 1756 autem
633 1689 726 1756 servi
746 1692 809 1756 sub
827 1693 1001 1775 potestate
1022 1689 1242 1757 dominorum
1261 1693 1374 1757 erant.

315 1807 402 1882 Quae
413 1806 543 1893 duplex
554 1807 920 1874 colonorumconditio
937 1827 1003 1875 non
1018 1827 1120 1874 unam
1134 1827 1255 1900 eorum
1265 1814 1379 1875 status

314 1922 487 2006 originem
504 1942 579 1990 esse
587 1921 662 2008 jam
676 1922 839 2003 ostendit,
854 1925 946 2008 quod
959 1922 1065 1990 latius
1079 1943 1158 1991 mox
1176 1923 1375 2010 apparebit.

315 2038 478 2125 Cujacius
503 2043 605 2125 putat
637 2037 797 2105 omnibus
822 2039 1038 2125 temporibus
1064 2039 1241 2124 agricolas
1270 2039 1379 2106 fuisse

315 2154 430 2221 fundis
448 2154 540 2240 juris
559 2156 710 2241 quodam
729 2154 867 2222 vinculo
892 2155 993 2240 quasi
1020 2156 1260 2236 adhaerenteS,
1279 2155 1379 2240 queis

224 2296 227 2302 ·
315 2269 427 2356 primo
441 2272 703 2354 operariorum
717 2271 1045 2353 oboerartoromoe‚
1066 2271 1146 2337 dein
1164 2273 1378 2338 colonorum

314 2385 370 2452 vel
388 2387 660 2471 inquilinorum
676 2403 800 2452 nomen
817 2384 1018 2471 impositum
1029 2388 1051 2448 3.
1071 2383 1243 2451 Varronis
1260 2389 1378 2451 autem

315 2503 424 2568 verba
439 2519 502 2586 per
515 2503 595 2587 quae
608 2503 698 2568 hanc
714 2500 914 2587 opinionem
929 2501 1137 2567 confirmare
1152 2500 1287 2582 nititur,
1307 2519 1378 2567 non

314 2615 401 2683 satis
418 2622 544 2702 aperta
564 2616 678 2698 sumt,
704 2634 816 2702 neque
837 2618 882 2682 ex
900 2615 969 2683 ullo
988 2619 1144 2683 veterum
1166 2616 1377 2702 scriptorum

314 2732 391 2798 loco
408 2730 567 2799 concludi
583 2735 699 2818 potest
717 2733 807 2797 hauc
826 2730 1061 2798 conditionem
1074 2729 1238 2816 jamtum
1256 2732 1377 2797 notam

315 2845 433 2913 fuisse.
449 2849 569 2932 Neque
584 2846 698 2931 magis
717 2846 943 2912 admittendae
958 2849 1038 2912 suut
1055 2865 1175 2912 eorum
1192 2845 1378 2912 sententiae

315 2960 373 3046 qui
397 2981 441 3028 ex
465 2961 644 3028 Gallorum
673 2965 970 3029 Germanorumve
997 2961 1152 3028 moribus
1176 2962 1377 3027 colonatum

315 3076 487 3160 originem
504 3077 645 3144 duxisse
665 3079 821 3156 creduut,
841 3077 970 3162 quippe
991 3077 1051 3162 qui
1072 3077 1107 3142 in
1130 3077 1292 3144 universo
1308 3075 1378 3142 im-

313 3191 412 3277 perio
428 3193 596 3277 viguerit
619 3196 758 3259 [luobus
777 3212 795 3260 e
819 3193 971 3260 fontibus
988 3212 1066 3260 eum
1085 3192 1284 3259 manavisse
1305 3211 1375 3258 uon

219 3346 222 3354 ·
315 3310 563 3396 ambigendum
579 3309 764 3376 credimus

359 3427 480 3495 Coloni
506 3426 600 3494 servi
621 3429 778 3512 tempore
807 3425 957 3512 priores,
990 3430 1027 3492 ut
1048 3423 1216 3512 praesumi
1242 3425 1372 3510 potest,

350 3665 374 3720 l.
394 3665 424 3720 L.
440 3664 530 3732 unio,
551 3667 581 3719 Ο.
601 3666 635 3719 J..
658 3667 696 3718 de
718 3666 774 3719 col.
797 3665 914 3731 Thrac,
931 3663 1095 3731 aliquando
1117 3665 1208 3717 litari
1230 3661 1375 3718 dicuntur

314 3750 401 3803 unice
415 3748 459 3802 illi
476 3749 526 3817 qui
542 3763 600 3803 non
616 3748 671 3803 tali
689 3748 809 3802 vinculo
825 3748 954 3816 subjecti
970 3749 1074 3816 erant,
1091 3763 1159 3802 cum
1173 3747 1223 3802 lex
1236 3763 1287 3802 eos
1303 3763 1374 3803 cum

312 3830 429 3886 colonis
444 3830 573 3900 confert,
589 3846 614 3886 e.
637 3845 664 3900 g.
681 3832 713 3885 in
730 3832 786 3900 leg.
826 3831 851 3899 d,
868 3834 898 3886 (l.
921 3832 958 3897 J,
983 3834 1021 3886 de
1042 3833 1145 3899 Apric.
1174 3830 1219 3892 lt,
1245 3828 1277 3882 ll
1288 3846 1300 3899 ;
1321 3830 1375 3886 sed

313 3915 430 3970 nullum
444 3916 584 3971 colonum
598 3916 791 3984 ingenuitate
807 3916 936 3970 fruitum
954 3931 1011 3969 nou
1028 3916 1072 3971 ita
1088 3915 1290 3982 significatur.

348 3998 373 4055 2.
397 4003 426 4055 L.
451 3999 477 4070 d,
501 4003 529 4055 C.
556 4002 593 4070 l,
621 4003 662 4054 r'rr
677 4004 783 4071 quidus
804 4003 907 4056 coasts
931 4003 986 4054 col.
1012 4001 1054 4069 ll,
1080 3999 1128 4071 to,
1156 4001 1174 4055 l.
1196 3999 1259 4062 Μ
1284 3999 1308 4068 l,
1331 4003 1371 4055 de

314 4087 412 4154 aprio.
435 4088 493 4141 eto.

318 4239 324 4250 ι
348 4170 375 4226 3.
395 4170 450 4227 Ad.
468 4169 528 4240 leg.
545 4169 892 4243 llrpr.,n.,cete9.1‚
909 4169 951 4226 30.

349 4253 374 4311 l.
395 4259 438 4310 De
452 4270 488 4310 re
502 4257 633 4323 rustica,
650 4254 692 4311 17.
