3128 4962
568 433 611 480 on
635 431 718 480 tuan
742 431 860 480 crv1n1.
1200 407 1243 474 83

184 554 335 622 instituti
354 557 434 621 sunt
469 555 565 632 Cum,
591 551 825 638 potentiorum
850 550 974 636 opibus
999 551 1113 636 magis
1139 557 1244 638 atque

184 651 301 757 magis
315 671 562 752 crescentibus,
581 669 768 735 latifundia
786 669 922 734 ltaliam
939 668 1102 755 primum,
1121 672 1245 755 postea

184 789 386 878 provincias
403 806 620 874 occupavere
634 789 658 866 l,
675 787 806 854 domini
819 787 864 853 ad
880 787 1068 855 immensos
1082 789 1246 855 colendos

187 925 295 990 agros
315 909 349 973 et
374 904 550 991 pascenda
571 921 717 990 pecora,
740 903 923 989 mancipiis
947 903 1001 970 usi
1024 905 1145 983 sunt²;
1168 923 1247 990 quae

187 1022 361 1089 fructuum
378 1020 551 1088 rationem
566 1018 609 1086 iis
625 1037 771 1104 quorum
789 1019 823 1085 in
839 1021 1015 1106 potestate
1031 1022 1144 1104 erant,
1164 1019 1248 1088 red-

187 1139 271 1207 dere
288 1137 474 1205 debebant.
498 1139 598 1222 Saepe
615 1156 715 1219 vero,
735 1140 773 1203 ut
791 1138 905 1223 magis
927 1139 1040 1206 libera
1058 1141 1150 1206 esset
1173 1157 1249 1206 ser-

188 1274 312 1322 vorum
340 1253 610 1336 administratiO,
636 1255 671 1320 et
692 1252 775 1339 quia
799 1251 843 1320 iis
868 1252 1032 1321 continuo
1060 1253 1250 1340 invigilare

189 1369 431 1438 difficillimum
461 1370 666 1456 plerumque
694 1373 796 1447 esset,
825 1369 1034 1437 dominicis
1063 1372 1160 1437 certa
1184 1388 1249 1457 pro

189 1485 340 1574 pecunia
370 1485 496 1552 fundos
526 1486 715 1560 tradebant
746 1486 847 1572 quasi
876 1487 1159 1554 conductoribus
1190 1489 1253 1553 ant

190 1603 327 1671 colonis
342 1599 422 1689 (hoc
439 1601 579 1668 nomine
592 1601 684 1668 enim
699 1601 758 1688 qui
774 1603 918 1670 fundum
936 1602 1102 1670 rusticum
1119 1603 1253 1669 condu-

190 1720 328 1799 cebant,
348 1715 652 1804 designabantur).
675 1718 784 1794 Quem
807 1737 919 1801 usum,
941 1737 1019 1785 cum
1037 1716 1253 1804 frequentior

191 1831 347 1920 quotidie
365 1833 476 1899 factus
499 1834 602 1909 esset,
624 1832 702 1918 ipsa
718 1834 775 1900 lex
797 1834 1053 1918 comprobavit.
1074 1859 1090 1896 «
1116 1833 1151 1900 Si
1174 1833 1252 1920 quis

190 1949 392 2034 inquilinos
408 1947 482 2013 sine
504 1946 660 2032 praediis,
680 1949 808 2032 quibus
825 1949 1043 2030 adbaerent,
1061 1948 1250 2032 legaverit,

191 2063 316 2130 inutile
334 2065 387 2129 est
403 2063 571 2146 legatum,
589 2063 708 2129 sedan
724 2063 911 2130 aestimatio
932 2064 1114 2147 debeatur,
1133 2084 1178 2132 ex
1198 2083 1255 2131 vo·

193 2181 327 2246 luntate
345 2177 497 2245 defuncti
514 2181 736 2246 statuendum
756 2199 832 2246 esse
849 2179 927 2246 Divi
944 2183 1083 2247 Marcus
1100 2184 1134 2248 et
1149 2181 1253 2248 Com-

193 2294 317 2362 modus
328 2291 618 2379 rescripseruntl.
631 2318 647 2355 ›>
664 2293 726 2360 Hic
737 2293 889 2381 primum
901 2297 1007 2363 terrae
1020 2297 1256 2364 cohaerentem

194 2411 371 2477 hominem
405 2408 579 2488 videmus;
615 2409 666 2476 ita
696 2429 878 2479 servorum
907 2414 1036 2479 sortem
1067 2412 1103 2478 in
1132 2411 1256 2479 melius

195 2530 365 2594 mutatam
384 2545 460 2592 esse
479 2544 606 2611 parum
626 2526 768 2593 dubium
787 2532 839 2594 est
855 2546 933 2594 cum
945 2527 1022 2614 jam
1043 2546 1113 2595 non
1133 2528 1256 2614 procul

196 2663 218 2711 a
237 2642 357 2728 patria
381 2643 462 2709 sede
483 2642 574 2707 mitti
596 2645 738 2729 possent
755 2662 819 2728 per
836 2642 1005 2728 legatum,
1022 2644 1090 2722 rel,
1110 2647 1148 2711 ut
1169 2663 1256 2730 pro-

194 2759 312 2827 babile
335 2761 404 2838 est,
427 2777 491 2844 per
514 2757 620 2824 alium
643 2749 833 2844 quemlibet
854 2758 1078 2826 alienationis
1101 2759 1253 2826 modum.
1305 2815 1307 2820 ,

196 2911 238 2924 -
255 2875 439 2959 [aquilini
457 2873 562 2941 etiam
584 2879 655 2940 tum
674 2873 880 2940 dicebantur
898 2879 932 2941 et
949 2874 1008 2942 diu
1030 2879 1153 2961 postea
1173 2874 1258 2941 dicti

196 2996 277 3058 sunt
301 2989 403 3056 liberi
428 2989 587 3056 homines
610 2989 764 3056 alienum
785 2989 956 3074 praedium
981 2990 1271 3068 conducentes43·

195 3105 367 3194 paulatim
395 3108 512 3171 autem
536 3104 786 3190 inquilinorum
813 3124 937 3172 nomen
962 3107 1096 3173 colonis
1118 3103 1258 3194 (recen-

196 3221 287 3287 tiore
311 3219 415 3305 hujus
434 3219 533 3287 verbi
558 3229 672 3294 sensu)
699 3218 900 3306 impositum
928 3223 999 3303 est,
1024 3240 1101 3287 cnm
1127 3220 1256 3303 servis,

197 3339 271 3403 turn
288 3335 487 3420 ingenuist

237 3595 260 3651 l.
281 3595 357 3652 Ptin.
373 3598 410 3651 Η.
426 3598 465 3651 Ν.
483 3609 568 3650 xvrn.
584 3594 610 3651 6.

235 3679 261 3735 b.
282 3697 298 3734 «
377 3682 430 3744 Ne,
447 3680 473 3735 si
489 3681 612 3748 ingenui
628 3680 741 3747 essent,
756 3678 876 3734 militiae
892 3693 987 3734 causa
1001 3679 1208 3735 avocarentur
1221 3679 1259 3733 ab

200 3780 302 3836 opere.
317 3766 415 3833 Atque
427 3765 491 3819 haec
503 3765 572 3834 ipsa
587 3777 705 3832 quoque
720 3763 873 3834 possessio
889 3763 1019 3818 multum
1032 3763 1171 3820 eis-lucri
1184 3762 1260 3818 affe-

198 3847 299 3916 rebat,
315 3852 470 3904 crescente
486 3849 523 3904 ob
540 3862 733 3903 numerosam
749 3848 866 3918 prolem
882 3852 913 3902 et
927 3848 1152 3903 immunitatem
1171 3847 1259 3902 ami-

200 3933 279 4000 litia,
294 3947 454 3988 servorum
467 3932 696 3987 multitudine...
718 3949 733 3984 n
749 3932 876 4002 Appian.
898 3935 935 3986 be
950 3934 1024 3986 betto
1037 3934 1095 3987 cto.
1114 3933 1139 3995 l,
1156 3932 1181 3985 7.

237 4017 262 4072 3.
285 4019 313 4070 t.
333 4015 397 4079 lli,
412 4032 470 4087 pn,
486 4020 527 4083 l),
543 4020 581 4070 de
600 4019 648 4083 lep
682 4017 701 4072 l.
719 4015 762 4071 30.
777 4016 819 4071 Cf.
835 4015 852 4068 l.
870 4014 912 4082 tt,
929 4015 992 4083 83,
1011 4019 1052 4072 D..
1069 4019 1106 4071 de
1121 4018 1261 4071 instruct.

201 4103 250 4158 oet
267 4104 409 4157 rastrum.
427 4104 474 4170 lep
499 4101 543 4167 33,
561 4101 593 4172 7;
610 4101 629 4156 l.
647 4101 679 4155 ld
695 4101 708 4164 S
724 4099 756 4170 l;
772 4101 791 4155 l.
807 4100 869 4165 ⁰205
888 4100 911 4169 l,
927 4104 993 4156 eod.
1011 4102 1054 4156 tit.

239 4184 265 4242 t.
287 4186 356 4242 lsid.
373 4184 604 4256 Etpmot.1n,t.

239 4269 265 4325 5.
287 4269 520 4326 Eruditissimus
536 4269 668 4341 scriptor
678 4270 834 4325 Revillout
846 4267 946 4338 (Mem.
960 4267 1040 4326 tusd
1055 4271 1088 4324 ta
1099 4269 1263 4337 Serbonne,
