3114 4958
516 443 581 492 ou
594 443 681 493 ιιιιιι
703 441 869 492 ιιιιιιο.·
1091 433 1094 440 ’
1124 429 1127 434 “
1183 405 1235 490 lb
1256 433 1279 452 ²

165 567 394 655 praetuerant,
410 565 445 632 in
460 563 786 667 -judiciaadmisit¹
803 563 1032 632 Indeiaotum
1050 565 1104 631 est
1121 541 1226 632 utilli
1294 552 1296 556 ’

165 682 297 767 magist
299 684 356 749 rat
358 700 397 748 us
419 680 592 768 paulatim
618 661 816 746 maximam
834 673 984 747 auctorit
970 663 1080 747 attem
1108 679 1228 791 adepti

166 797 249 864 sint.
275 799 396 882 Neque
413 797 507 884 apud
525 799 593 863 Pat
594 815 650 863 res
667 797 873 882 plerumque
889 792 1112 882 eligebantur
1130 811 1228 893 praa-

168 913 247 981 fec
224 918 250 981 1
271 913 437 999 vigilum,
456 912 575 994 urbis,
586 931 748 994 annonae,
767 909 914 1000 quorum
932 911 1028 980 haud
1045 910 1229 992 mediocris
1245 997 1248 1002 .
1267 988 1271 996 ¹

167 1033 327 1118 potestas
346 1032 443 1113 erat,
465 1030 526 1098 sed
550 1047 593 1098 ex
613 1035 735 1114 equest
736 1027 766 1095 ri
721 1019 920 1132 tordine
939 1026 1042 1132 Equit
1028 1011 1121 1095 tibus
1138 1027 1230 1096 enim
1292 1112 1294 1116 v

168 1129 258 1214 tatia
274 1164 421 1213 munera
438 1147 616 1230 Augustus
631 1147 839 1212 servaverat
843 1127 1013 1231 ,quorum
1026 1143 1112 1211 ordo
1129 1143 1230 1234 quasi
1294 1148 1301 1186 -’

169 1259 398 1329 seminarium
423 1263 525 1328 senat
528 1280 566 1326 us
589 1263 662 1327 tum
684 1259 756 1326 fact
743 1264 799 1327 tus
823 1263 901 1326 erat
927 1263 962 1328 et
986 1260 1095 1326 multo
1061 1256 1233 1344 imagis
1268 1345 1271 1350 Α

172 1396 278 1463 quam
299 1381 404 1443 antea
421 1395 443 1443 a
458 1375 584 1444 ceteris
600 1375 735 1444 civibus
751 1378 919 1444 secretus.
932 1379 1070 1442 Marcus
1085 1373 1232 1472 Antoni-

172 1511 238 1559 nus
258 1490 397 1578 quidem
410 1490 455 1572 ei,
471 1495 508 1558 ut
519 1496 622 1577 pater
636 1496 671 1558 et
684 1511 783 1572 avuS,
795 1490 922 1572 iavit23
939 1510 1008 1558 non
1021 1491 1233 1560 credendum
1299 1581 1301 1584 Ι
1320 1584 1323 1589 ,

174 1614 292 1675 autem
316 1599 475 1675 eamdem
500 1610 571 1674 tum
594 1606 748 1694 equitum
772 1610 981 1694 potestatem
1003 1591 1111 1674 fuisse
1129 1599 1234 1702 atque

175 1723 325 1810 pridem.
347 1725 476 1790 Eorum
496 1723 615 1807 gratia
639 1712 947 1809 aptrdprincipem
973 1723 1148 1802 creverat,
1173 1720 1235 1788 sed

177 1839 280 1905 simut
307 1837 434 1922 magis·
451 1838 601 1924 principi
626 1837 769 1906 obnoxii
798 1833 887 1906 facti
910 1842 1025 1905 erant,
1057 1834 1237 1924 Equestris
1325 1836 1337 1840 ”

177 1953 362 2038 dignitatis
382 1952 659 2025 imminutionem
681 1954 868 2021 notandum
894 1955 939 2022 ab
964 1952 1146 2021 Hadriano
1167 1951 1238 2020 ini·
1330 2045 1335 2052 Ἢ

110 2049 115 2057 ’
177 2068 264 2136 tium
285 2066 432 2154 cepisse
454 2070 633 2152 Augustus
652 2067 939 2156 successoresque
959 2067 1035 2155 ejus
1055 2088 1074 2136 e
1096 2066 1237 2135 liberti-
1244 2072 1247 2076 '
1344 2067 1346 2072 ’

178 2183 233 2251 nis
249 2182 375 2271 palat'u
391 2183 587 2251 ministeria
601 2183 932 2274 adsciverant3tnon
950 2183 1041 2252 onim
1059 2183 1095 2250 in
1113 2200 1238 2251 nume·
1272 2269 1275 2274 ³
1300 2189 1308 2280 ἰ

179 2319 256 2367 rum
289 2297 459 2386 principis
487 2299 699 2366 famulorum
730 2307 768 2367 sc
804 2299 954 2368 adscribi
988 2299 1091 2366 avita
1123 2296 1241 2384 gloria
1316 2289 1322 2306 ²

179 2414 361 2484 tumefacti
385 2413 544 2482 hominos
568 2415 664 2502 passi
686 2418 833 2482 essent:
855 2435 932 2482 cum
952 2420 1082 2494 autem,
1100 2414 1243 2482 firmata

180 2529 436 2618 imperatorum
447 2533 635 2617 potestate,
650 2529 805 2617 quotidie
818 2530 1011 2598 familiares
1028 2549 1150 2598 eorum
1166 2549 1244 2598 ma-

179 2645 238 2732 gis
253 2646 440 2733 pollerent,
459 2646 568 2713 veluti
588 2647 734 2713 deorum
750 2645 901 2712 ministri
919 2645 1241 2727 considerarentur,

182 2763 277 2829 inter
298 2781 358 2829 eos
374 2761 485 2848 recipi
503 2761 658 2848 optabile
678 2762 789 2829 visum
812 2767 882 2844 est,
904 2765 937 2830 et
959 2761 1099 2828 minime
1119 2761 1254 2828 mirum>
1296 2813 1297 2816 ,

184 2877 215 2945 si
229 2877 441 2960 Hadrianus
458 2877 617 2962 quamvis
634 2877 852 2946 nobiti⁴atem
869 2877 904 2944 in
916 2877 1096 2964 praecipuo
1109 2870 1245 2974 honore
1270 2953 1272 2962 Ι
1331 2965 1333 2970 Ι
1351 2959 1354 2966 .

184 2995 351 3076 haberet,
373 2994 467 3080 apud
490 2993 698 3062 domesticos
721 2994 856 3082 equites
880 2991 1045 3061 admisit³
1061 3015 1070 3060 ι
1089 3013 1177 3081 quos
1194 2992 1245 3060 ita

185 3108 341 3177 simulet
357 3109 483 3178 extulit
502 3113 538 3178 et
553 3110 738 3197 depressit,
755 3128 919 3197 namque,
944 3112 981 3178 ut
998 3113 1116 3192 antea,
1136 3109 1247 3177 liber-

186 3230 242 3294 tos
258 3224 382 3294 iisdem
405 3227 607 3304 muneribus
623 3245 752 3295 ornare
772 3228 1091 3320 perseveraverunt
1109 3224 1244 3311 princi·
1348 3228 1351 3236 '

186 3341 291 3428 pes&
311 3343 510 3455 praesertim
527 3363 605 3410 cum
622 3344 666 3410 de
680 3362 719 3412 re
736 3339 936 3410 nummaria
950 3344 1130 3427 ageretur,
1145 3340 1196 3410 ita
1209 3343 1263 3410 ut,
1367 3369 1372 3378 ·

226 3536 250 3592 1.
271 3539 352 3607 Tac,
367 3541 446 3594 Αιιιι.
463 3539 485 3608 1,
504 3535 553 3592 id·
544 3537 679 3609 ,captu
696 3539 750 3595 loc
768 3539 830 3612 cita
845 3539 919 3594 Mos
935 3543 963 3594 et
986 3541 1070 3598 Rom.
1094 3538 1151 3606 lep
1173 3537 1248 3594 Coti.

224 3705 251 3763 2.
271 3707 364 3764 Filios
375 3665 417 3763 'et
439 3706 568 3764 heredes
590 3707 746 3776 Augustus
764 3710 924 3776 principes
942 3709 1116 3773 juventutis
1141 3707 1182 3770 (id
1203 3705 1252 3763 est

189 3793 339 3862 equitum,
354 3792 495 3863 προκρίτους
506 3797 548 3858 τῆς
564 3792 675 3852 ἱππάδος)
692 3793 887 3849 vocaverat«
901 3793 972 3862 qnia
986 3807 1105 3861 aequum
1120 3790 1250 3847 videba-

190 3876 243 3932 tur
256 3892 308 3933 eos
318 3879 451 3949 primum
463 3877 545 3933 inter
559 3879 677 3946 equites
689 3879 788 3934 locum
803 3880 916 3934 habere
930 3878 980 3948 qui
996 3878 1150 3949 principes
1167 3892 1252 3934 seua-

190 3963 241 4018 tus
256 3962 328 4017 olim
344 3962 439 4036 futuri
457 3963 573 4019 essent.
590 3981 605 4014 »
619 3963 798 4019 Commodus
814 3963 857 4018 sic
879 3978 898 4018 a
914 3963 1003 4034 patre
1023 3963 1079 4018 hoc
1093 3963 1185 4019 titulo
1203 3961 1255 4018 de-

192 4047 316 4102 coratus
330 4047 387 4102 est.
403 4046 568 4117 Lamprid,
584 4048 753 4113 Commod,
765 4046 792 4102 ι.

227 4129 254 4186 3.
276 4131 430 4201 spartian.
453 4132 611 4186 Hadrian.
625 4129 650 4185 ι.
669 4148 689 4186 ιι·
699 4132 743 4188 Ab
758 4131 898 4202 epistolis
913 4131 945 4186 et
965 4146 983 4186 a
1002 4129 1115 4186 libellis
1135 4130 1253 4202 primus

193 4214 313 4284 equites
329 4229 473 4271 romanos
487 4214 606 4270 habuit.
621 4231 638 4268 »
668 4212 670 4216 ’

231 4296 258 4355 ι.
282 4297 460 4356 Nicomedes
475 4297 610 4368 quidam,
624 4298 758 4370 primum
777 4313 796 4355 a
814 4299 962 4370 cubiculo,
978 4299 1050 4357 dein
1064 4300 1096 4355 L.
1112 4299 1184 4355 Veri
1199 4313 1253 4354 ιιιι-
