3128 4962
275 359 336 426 108
707 375 902 426 cononusro.

187 519 188 522 ’
273 499 356 588 jure
374 498 470 568 civili
490 503 562 568 tam
584 499 695 567 multa
711 501 746 567 et
770 497 872 567 utilia
888 516 993 586 quam
1016 495 1131 583 quivis
1151 515 1195 564 ex
1217 494 1332 584 impe-

274 615 454 687 ratoribus
475 619 615 686 Marcus
637 615 807 698 decrevit,
824 620 859 684 et
879 614 1042 703 plurimae
1063 611 1138 702 ejus
1159 614 1332 682 consttu-

273 733 398 814 tiones,
418 733 464 801 ad
483 731 518 800 id
547 732 780 820 pertinentes,
798 731 835 800 in
857 732 931 801 fere
955 749 1076 800 omnes
1098 729 1333 799 recentiorum

273 848 454 918 nationum
477 850 574 935 leges
597 849 761 918 admissae
785 850 877 916 sunt.
898 848 937 915 In
949 847 1031 936 jure
1049 845 1189 935 publico
1209 848 1333 914 contra

275 964 452 1034 deteriora
475 965 608 1048 sanxit,
626 984 696 1033 non
716 963 799 1051 qnia
823 963 966 1033 timidus
985 965 1064 1031 erat
1089 964 1124 1030 et
1147 961 1251 1030 nimis
1271 981 1332 1030 re-

275 1079 412 1160 missus,
431 1081 672 1168 sedquoniam
687 1081 763 1169 jam
782 1079 886 1149 nimis
903 1079 1058 1148 validam
1075 1079 1332 1167 imperatorum

271 1200 481 1285 potestatem
511 1198 611 1267 auxit
642 1197 884 1285 libertatisque
915 1215 1001 1264 rara
1033 1193 1186 1280 vestigia
1217 1194 1333 1261 adhuc

272 1315 450 1382 exstantia
479 1333 549 1383 non
581 1314 694 1383 minus
726 1334 831 1401 quam
867 1313 1069 1401 superiores
1099 1312 1333 1399 imperatores

272 1429 397 1498 tollere
428 1433 573 1498 conatus
606 1433 670 1498 est.
703 1430 807 1498 Nullo
841 1428 917 1516 jam
954 1427 1121 1516 praesidio
1163 1428 1333 1496 adversus

274 1544 480 1613 Commodos
501 1549 537 1613 et
552 1547 767 1632 Elagabalus
782 1545 904 1627 fretus,
920 1562 1086 1612 romanus
1103 1542 1201 1612 orbis
1217 1543 1334 1610 maxi-

273 1661 339 1728 mis
365 1659 627 1730 calamitatibus
661 1665 742 1751 post
770 1680 848 1730 eum
876 1678 1065 1748 oppressus
1095 1662 1157 1728 est.
1189 1696 1231 1710 -
1261 1660 1334 1728 Nec

271 1776 449 1864 principes
471 1779 638 1846 mortales
655 1797 732 1846 esse
750 1781 889 1845 Marcus
904 1776 1086 1844 immemor
1102 1777 1180 1842 erat
1198 1777 1332 1862 etpos-

272 1891 396 1959 simum
416 1911 511 1980 saepe
532 1893 664 1980 optimo
691 1893 892 1964 succedere.
912 1892 974 1959 sed
993 1910 1164 1978 nusquam
1181 1889 1333 1960 inveniri

270 2012 411 2096 poterat
424 2008 479 2077 cui
496 2010 645 2077 salutem
659 2009 813 2078 civitatis
830 2011 865 2076 et
876 2027 998 2078 curam
1013 2006 1252 2095 imperatoriae
1265 2027 1333 2095 po·

271 2125 410 2194 testatis
434 2125 759 2196 circumscribendae
782 2127 989 2208 confideret,
1018 2127 1184 2212 corrupta
1205 2125 1334 2195 nobili·

272 2245 362 2327 tate,
394 2243 614 2332 corruptiore
646 2245 758 2332 plebe.
793 2243 908 2330 Magis
939 2242 1097 2329 quidem,
1132 2243 1258 2326 fateor,
1289 2262 1334 2312 ex

272 2357 387 2427 officio
402 2377 508 2446 quam
528 2379 572 2428 ex
599 2379 661 2447 spe
684 2359 840 2428 melioris
854 2362 967 2427 status
983 2377 1048 2426 sua
1069 2359 1190 2427 munia
1206 2360 1333 2447 exple-

272 2475 345 2556 bat,
368 2494 446 2543 cum
467 2494 522 2543 res
545 2478 718 2544 humanas
740 2463 878 2563 semper
900 2475 1058 2544 eumdem
1081 2494 1145 2562 per
1164 2475 1334 2544 circulum

272 2589 425 2658 volutari
445 2594 605 2678 putaret;
630 2592 692 2660 sed
717 2587 763 2660 ad
786 2591 869 2660 belli
893 2594 928 2660 et
950 2590 1048 2678 pacis
1071 2592 1212 2659 la'bores
1228 2590 1335 2679 juxta

272 2703 439 2792 impiger,
470 2725 647 2793 nunquam
683 2706 838 2775 animum
869 2707 1071 2795 despondit,
1108 2726 1149 2776 eo
1183 2707 1335 2776 fortasse

274 2821 389 2889 acrior
405 2823 439 2889 iu
462 2823 693 2911 exsequendis
712 2823 914 2892 muneribus
939 2825 1031 2912 quod
1054 2824 1097 2892 de
1123 2821 1334 2892 senescentis

272 2936 412 3026 imperii
432 2942 468 3009 et
487 2939 642 3028 quotidie
662 2939 814 3009 labentis
833 2939 990 3029 periculo
1010 2938 1126 3010 nescio
1145 2961 1216 3028 qua
1241 2939 1335 3009 divi-

273 3052 416 3124 natione
437 3055 568 3124 certior
592 3058 681 3124 erat.
700 3057 958 3142 Nonnunquam
981 3055 1074 3124 enim
1095 3056 1229 3124 nullam
1252 3075 1334 3144 spe-

273 3179 354 3240 rare
372 3171 534 3254 salutem,
553 3171 583 3240 si
606 3185 675 3240 non
694 3171 802 3256 salus,
825 3171 951 3241 saltem
977 3171 1022 3239 ad
1046 3171 1222 3258 agendum
1241 3171 1333 3240 inci·

273 3291 466 3358 tamentum
490 3293 554 3360 est.
581 3291 688 3360 Recte
713 3290 823 3378 igitur
849 3289 1000 3359 Romani
1026 3288 1102 3377 ejus
1127 3289 1332 3358 memoriam

271 3393 429 3474 maxima
442 3405 669 3475 veneratione
690 3407 749 3474 diu
771 3407 948 3494 prosecuti
968 3408 1050 3474 sunt
1070 3409 1105 3474 et
1120 3405 1280 3473 Julianus
1300 3404 1334 3473 ei

271 3522 364 3590 inter
382 3524 436 3591 tot
451 3521 684 3610 imperatores
701 3522 855 3611 primum
878 3523 992 3591 locum
1009 3520 1192 3590 concessit.
1213 3557 1255 3572 -
1272 3521 1333 3587 ln-

270 3638 373 3726 sigue
402 3637 480 3728 ejus
503 3640 704 3727 exemplum
728 3638 829 3708 nobis
857 3637 1009 3708 ostendit
1034 3636 1119 3728 quid
1147 3637 1333 3726 imperium

271 3753 537 3845 prudentissimi
552 3758 588 3825 et
602 3755 823 3842 integerrimi
834 3754 902 3824 virt
917 3754 1030 3844 possit
1048 3774 1056 3821 :
1075 3757 1207 3842 quanto
1219 3753 1334 3840 magis

271 3871 390 3941 valeat
406 3871 553 3941 libertas
567 3881 612 3940 ex
628 3871 672 3939 iis
683 3863 896 3959 supradictis
910 3861 1015 3939 laeuo
1023 3862 1253 3956 judicabitur.
