3114 4958
298 377 341 448 32
711 401 798 452 rurs
821 403 937 452 aaron.

342 523 510 602 Quamvis
526 523 758 610 imperatores
780 545 883 610 qnam
902 525 1054 594 maxime
1072 526 1266 612 provinciis
1282 531 1356 596 tum

297 643 469 725 faverent,
484 641 676 709 incolarum
693 660 858 708 numeros
874 641 1161 722 imminuebatur,
1179 663 1294 729 neque
1311 644 1357 712 ad

296 758 461 826 tuendum
485 757 669 843 imperium
688 757 814 824 milites
838 757 1117 845 reperiebantur.
1145 759 1357 846 «Hispaniis

296 873 496 950 exhaustis,
526 874 576 940 ait
608 872 845 960 Capitolinus,
869 874 992 942 Italica
1018 875 1204 942 allectione
1231 880 1357 944 contra

296 990 439 1077 Trajani
457 993 635 1078 praecepta
650 991 846 1058 verecunde
867 991 1059 1068 consuluitl
1079 994 1230 1078 (Marcus
1249 994 1358 1062 Aure

295 1107 388 1194 lius).
405 1134 422 1171 ›>
453 1111 495 1175 Et
515 1107 631 1176 alias:
654 1108 832 1189 «ServoS,
859 1108 1149 1195 quemadmodum
1171 1109 1264 1177 bello
1285 1128 1356 1195 pu-

295 1224 373 1292 nico
391 1224 520 1291 sactum
537 1223 664 1307 luerat,
686 1224 730 1291 ad
750 1223 910 1291 militiam
929 1224 1082 1310 paravit,
1104 1242 1192 1310 qnos
1217 1227 1356 1293 Volun-

294 1342 412 1408 tarios
442 1341 601 1425 exemplo
632 1333 797 1406 volonum
826 1340 1031 1426 appellavit.
1062 1340 1222 1407 Armavil
1245 1341 1355 1408 etiam

297 1455 514 1540 gladiatores
549 1473 635 1540 quos
670 1455 902 1540 obsequentes
941 1457 1148 1542 appellavit.
1181 1459 1355 1524 Latrones

264 1631 267 1638 .
295 1571 401 1639 etiam
415 1571 599 1639 Dalmatiae
615 1575 719 1658 atque
737 1573 924 1640 Dardaniae
938 1573 1066 1641 milites
1082 1573 1176 1642 fecit
1193 1551 1356 1641 Armauit

294 1691 329 1754 et
358 1687 566 1765 Diocmitas;
601 1687 685 1754 emit
715 1691 750 1755 et
782 1690 1034 1756 Germanorum
1072 1689 1208 1757 auxilia
1229 1698 1355 1757 conlra

294 1805 487 1872 Germanos
499 1805 560 1870 2.»
583 1807 621 1869 ln
654 1804 733 1890 ipsa
762 1804 886 1887 ltalia,
907 1804 1002 1871 hand
1028 1805 1149 1891 procul
1180 1807 1224 1872 ab
1241 1807 1352 1887 Urbe,

293 1919 479 2006 praedones
501 1939 608 2006 agros
635 1921 844 1998 vastabant:
875 1923 912 1987 at
941 1919 1077 2006 jamdiu
1104 1919 1242 1988 Italiam
1270 1920 1354 1987 lati-

292 2036 427 2118 fundia,
447 2037 626 2104 immensae
650 2056 830 2104 servorum
854 2037 1032 2120 nationes,
1052 2037 1216 2105 frumenti
1236 2055 1352 2123 penu-

293 2152 347 2220 ria
367 2153 633 2239 perdiderant³;
658 2153 781 2220 eadem
805 2157 840 2221 et
859 2153 929 2221 alia
948 2153 1043 2220 mala
1061 2152 1137 2240 jam
1162 2157 1244 2221 tunc
1266 2171 1353 2239 pro·

294 2270 427 2337 vincias
460 2271 741 2356 populabantur,
783 2289 846 2338 nec
884 2270 1129 2357 vectigaliaa
1163 2270 1351 2338 fundorum

292 2385 564 2472 pauperioribus
591 2385 740 2454 dominis
769 2387 874 2455 certis
904 2390 939 2453 et
971 2385 1097 2454 debitis
1133 2385 1351 2472 temporibus

292 2501 382 2568 solvi
407 2505 571 2590 poterant
581 2501 606 2569 l.
627 2503 726 2579 Quod
753 2501 819 2568 soli
847 2501 1016 2589 praesides
1035 2501 1179 2570 ditiores
1202 2502 1350 2582 fierent,

248 2646 251 2651 ·
291 2616 528 2705 provinciales
542 2618 780 2704 querebantur
793 2620 819 2688 ⁵.
909 2621 912 2638 '

615 2897 633 2978 s
656 2893 691 2960 4.
717 2930 759 2942 -
782 2895 835 2963 ne
854 2894 1029 2979 colaepio.

334 3144 440 3211 Nulla
453 3143 610 3226 libertas,
625 3147 662 3211 ut
678 3161 786 3228 supra
801 3140 1027 3222 ostendimus
1040 3139 1077 3207 in
1090 3139 1247 3226 pristinis
1257 3139 1350 3207 ordi-

291 3261 394 3330 nibus
416 3260 566 3328 durabat
580 3277 642 3338 ;ne
660 3277 752 3325 nova
762 3276 913 3344 corpora
926 3257 1171 3325 auctoritatem
1190 3255 1346 3342 aliquam

327 3507 352 3563 l.
374 3506 502 3578 Capitol.
519 3507 559 3562 M.
575 3508 645 3562 Ant.
660 3505 754 3572 Phil,
771 3503 815 3560 ll.

327 3592 352 3649 2.
375 3592 467 3661 Idid„
483 3590 528 3646 21.

325 3675 352 3732 3.
373 3677 441 3730 Tac.
459 3677 537 3730 Anu.
554 3671 661 3742 111‚53‚
677 3669 723 3728 54.

324 3759 351 3815 l.
372 3776 388 3813 «
403 3759 606 3830 Imperatores
620 3757 790 3814 Antoninus
805 3755 837 3812 et
848 3758 945 3814 Verus
960 3756 1185 3829 rescripserunt
1198 3756 1230 3812 in
1248 3756 1347 3813 vecti·

291 3844 412 3914 galibus
431 3843 499 3915 ipsa
512 3842 638 3915 praedia,
655 3857 714 3898 non
735 3855 883 3913 personas
898 3842 1065 3909 conveniri,
1082 3842 1114 3898 et
1135 3841 1203 3898 ideo
1222 3855 1346 3912 posses-

290 3943 374 3987 sores
389 3927 482 3983 etiam
497 3927 646 3997 praeteriti
662 3927 811 3997 temporis
824 3926 958 3994 vectigal
974 3926 1095 3982 solvere
1110 3926 1231 3993 debere,
1249 3941 1350 4001 eoque

260 4079 267 4092 ·
289 4011 430 4082 exemplo
453 4011 619 4081 actionem,
640 4012 666 4068 sl
681 4010 909 4081 ignoraverint,
925 4010 1096 4070 habituros.
1113 4029 1129 4066 »
1146 4012 1177 4066 L.
1198 4010 1224 4080 7,
1247 4013 1293 4080 l),
1309 4013 1349 4067 de

290 4099 484 4166 PublicnniS,
500 4096 544 4161 39,
562 4095 587 4153 l.

323 4181 351 4238 5.
371 4183 439 4239 Vid.
461 4184 644 4249 Mommsen,
659 4185 698 4237 de
721 4182 867 4250 Collepiis
886 4185 914 4235 et
932 4181 1096 4237 sodaliciis
1113 4181 1347 4246 Romanorum,

288 4268 397 4340 Kiliae,
413 4266 491 4338 1843,
506 4282 538 4338 p.
552 4266 586 4323 78
601 4281 684 4336 seqq.
