3114 4958
290 392 331 464 16
707 429 793 476 runs
815 429 933 476 ennon.

286 572 383 641 saepe
403 553 565 621 laudavit
591 556 627 621 et
652 556 792 621 secutus
814 556 870 622 est
892 557 956 620 aut
982 552 1101 640 potius
1126 572 1167 622 se
1189 557 1348 623 secutum

286 669 514 738 existimavit.
550 669 652 756 Apud
683 669 773 738 alios
797 688 936 756 quoque
970 672 1007 738 et
1032 669 1246 738 recentiores
1277 690 1348 758 po-

286 788 389 874 pulos
406 791 564 856 veterum
581 785 761 855 nominum
777 787 960 855 veneratio
974 806 1053 856 cum
1067 806 1186 854 rerum
1201 789 1348 855 mutan-

286 905 412 973 damm
442 908 478 972 et
499 904 798 974 emendandamm
827 904 1010 972 voluntate
1043 904 1248 973 consociata
1272 908 1346 986 est;

286 1022 414 1108 vulgus
436 1026 476 1090 ut
498 1027 605 1090 antea
631 1020 751 1089 omnia
773 1039 916 1089 manere
946 1025 1066 1107 putat,
1090 1022 1257 1108 quoniam
1279 1041 1349 1110 ap-

286 1138 496 1226 pellationes
523 1138 655 1207 eaedem
681 1140 905 1214 mausemut;
929 1141 1055 1207 cuncta
1077 1143 1195 1206 tamen
1215 1139 1348 1207 sensim

287 1254 529 1323 immutantur.
554 1257 645 1322 Num
665 1256 805 1321 Marcus
830 1254 1027 1327 Antoninus
1050 1253 1165 1341 patris
1193 1273 1349 1342 suasque

286 1370 554 1439 constitutiones
575 1372 682 1454 louge
701 1389 723 1436 a
739 1369 888 1457 pristino
903 1369 986 1456 jure
1004 1370 1169 1438 recedere
1186 1369 1350 1439 conscius

285 1487 404 1568 suerit,
425 1487 588 1566 dubium;
609 1487 796 1553 recessisse
813 1489 931 1553 autem
948 1504 1010 1554 eas
1026 1486 1150 1554 abillo
1167 1504 1238 1554 nou
1257 1506 1349 1554 con·

284 1602 382 1670 tinuo
398 1601 537 1690 quidem
553 1602 614 1669 sed
631 1602 832 1686 frequenter
847 1601 1078 1671 certissimum
1096 1606 1162 1670 est.
1180 1605 1229 1671 De
1244 1603 1349 1672 ordi-

284 1718 387 1786 nibus
402 1718 554 1805 primum
569 1717 839 1804 disputabimus.

492 1969 511 2052 ἓ
534 1967 569 2036 2.
594 2002 636 2016 -
659 1968 713 2034 De
735 1967 902 2034 civitatis
924 1967 1133 2036 ordinibus.

328 2180 358 2244 A
378 2177 501 2244 senatu
526 2174 708 2243 exordium
731 2193 859 2260 capere
879 2173 996 2255 decet,
1014 2173 1115 2262 cnjus
1130 2176 1349 2262 gravissima

284 2294 321 2361 in
345 2292 527 2379 republica
550 2291 743 2360 auctoritas
768 2291 852 2360 olim
876 2292 1004 2360 suerat.
1029 2293 1175 2361 Multum
1200 2295 1345 2378 aberat,

284 2410 350 2478 etsi
369 2409 600 2496 plurimorum
618 2413 819 2479 senatorum
839 2410 875 2478 in
897 2411 1075 2498 principes
1093 2412 1265 2498 pessimos
1282 2413 1348 2481 de-

284 2527 396 2594 forme
413 2524 614 2610 obsequium
636 2527 765 2597 luerat.
784 2531 823 2594 ut
838 2528 981 2595 omuino
1000 2514 1202 2597 evanuisset
1217 2529 1348 2596 summi

284 2641 418 2710 ordinis
434 2641 661 2708 existimatio.
678 2644 750 2708 lmo
768 2645 814 2710 ab
828 2643 1100 2730 imperatoribus
1116 2644 1217 2712 novis
1230 2664 1347 2730 neque

283 2756 422 2841 exiguis
438 2755 640 2825 muneribus
656 2762 804 2826 ornatus
826 2763 922 2838 erat;
944 2759 1063 2843 legum
1080 2759 1347 2827 constituenda-

282 2892 359 2940 rum
377 2874 717 2962 magistratuumque
733 2877 976 2960 eligendorum
985 2876 1046 2966 jus
1063 2878 1108 2945 ad
1126 2897 1206 2945 eum
1221 2881 1346 2946 traus-

284 2989 413 3057 tulerat
436 2989 615 3070 Tiberium
636 2991 712 3078 jam
735 2995 913 3080 Augustus
934 2999 974 3062 ut
998 3014 1100 3082 paene
1126 2994 1344 3062 hereditaria

284 3105 464 3174 senatoria
496 3106 653 3193 dignitas
687 3110 806 3191 fleret,
847 3115 1004 3178 caverat.
1047 3108 1344 3179 Prudentissimus

281 3222 429 3310 quisque
444 3223 608 3311 princeps
620 3228 700 3309 post
715 3228 909 3311 Augustum
928 3229 1053 3295 Patres
1068 3228 1195 3309 colere,
1214 3245 1344 3294 cousu-

284 3357 367 3418 .ere,
385 3340 479 3426 apud
495 3359 555 3408 eos
571 3341 820 3410 dominationis
837 3343 1007 3430 praesidia
1022 3362 1202 3430 quaerere,
1220 3361 1281 3410 seu
1297 3345 1343 3411 ob

282 3455 486 3523 memoriam
510 3456 665 3542 autiquae
688 3476 808 3526 eorum
831 3458 1068 3541 auctoritatis,
1092 3459 1167 3526 sive
1183 3439 1267 3546 quia
1290 3459 1343 3526 ita

283 3574 394 3638 semet
418 3569 532 3658 ipsum
556 3574 724 3658 tanquam
745 3577 887 3642 senatus
909 3575 1105 3663 principem
1127 3575 1341 3656 extollebat,

285 3688 446 3775 huncque
464 3687 603 3755 titulum
626 3689 895 3775 splendidiorem
913 3692 1079 3774 faciebat,
1101 3691 1176 3760 sive
1197 3691 1343 3760 tandem

284 3803 377 3889 quod
394 3802 531 3871 facilius
546 3805 669 3891 paucis
685 3808 907 3876 senatoribus
921 3828 1024 3897 quam
1043 3809 1107 3877 toti
1122 3810 1254 3896 populo
1273 3807 1343 3876 im-

283 3937 411 4006 perare
426 3921 603 3987 censebat.
623 3921 737 3988 Ceteri
754 3941 840 3990 vero
858 3922 902 3990 iis
921 3923 1082 3992 timorem
1098 3923 1261 4009 injicere,
1281 3943 1343 3992 eos

196 4047 200 4058 '
282 4035 495 4123 opprimere,
511 4054 656 4120 vexare,
673 4037 757 4124 quia
772 4037 840 4124 ipsi
856 4038 1040 4109 timebant.
1062 4043 1191 4120 Nerva,
1210 4040 1342 4126 TraJa-

281 4168 432 4238 nusque,
450 4151 508 4238 qui
525 4150 761 4240 principatum
779 4157 814 4222 et
832 4155 1031 4224 libertatem
1049 4159 1218 4243 quantum
1239 4156 1274 4223 in
1296 4155 1342 4224 iis

283 4267 401 4338 fuerat
416 4266 685 4355 conjunxerant,
701 4273 844 4339 senatus
861 4271 1002 4340 fuerant
1018 4271 1339 4354 observantissimi3
