3114 4958
537 402 578 450 nn
601 404 687 451 sure
711 403 867 452 ruunroo.
1188 385 1229 454 21

172 524 269 594 viros
285 525 467 598 distinctos
484 527 625 596 fuisset.
647 529 778 595 Verum
797 529 851 594 est
874 525 1019 595 comites
1035 527 1231 615 imperato-¹

170 663 249 716 rum
270 646 439 714 senatorii
463 631 595 715 ordinis
611 647 706 715 viros
725 645 915 729 exstitisse,
934 649 1115 714 senatores
1131 645 1232 714 nouis

169 760 283 830 titulis
314 766 458 832 ornatos
489 763 615 844 luisse3
641 765 702 832 sed
726 762 778 829 illi
802 762 848 829 ad
873 781 951 830 eam
974 760 1064 830 diem
1076 762 1231 848 ‘inauditi

170 877 324 945 honores
348 877 567 946 immutatum
591 878 794 966 reipublicae
816 882 945 946 statum
970 878 1229 959 demonstrant3

164 994 242 1082 jam
270 1013 290 1063 e
318 995 393 1062 solo
416 994 630 1082 imperatore
655 1015 757 1062 omne
783 996 888 1063 decus
913 1008 1058 1063 manare
1080 993 1229 1062 videtur.

170 1111 347 1186 Quantum
365 1110 533 1178 crevisset
546 1112 578 1179 ei
594 1111 695 1180 unice
714 1113 947 1181 obnoxiorum
960 1111 1230 1198 magistratuum

171 1226 377 1310 auctoritas,
406 1247 515 1314 supra
541 1228 710 1305 diximus:
734 1227 897 1315 antiquos
926 1226 1129 1315 reipublicae
1154 1246 1233 1295 ma-

170 1343 341 1432 gistratus
359 1365 479 1413 rursus
499 1346 593 1413 omni
614 1348 789 1434 potestate
806 1347 976 1434 paulatim
992 1345 1151 1434 privatos
1166 1345 1233 1413 ad-

171 1460 321 1529 dendum
347 1464 412 1529 est.
436 1461 612 1530 Antonino
637 1463 728 1531 enim
746 1462 954 1550 imperante,
976 1466 1054 1531 octo
1071 1462 1232 1529 consules

173 1595 241 1644 uno
271 1595 363 1644 anno
392 1577 494 1645 electi
522 1580 636 1648 sunu.
668 1582 748 1647 Mox
778 1579 986 1646 Commodus
1020 1577 1172 1665 quinque
1196 1579 1232 1645 et

170 1691 298 1777 viginti
313 1694 473 1760 consules
488 1694 610 1762 eodem
628 1695 796 1781 temporis
814 1694 929 1782 spatio
947 1683 1104 1762 facturus
1118 1695 1228 1760 erat3.

170 1809 261 1887 Quid
287 1807 383 1877 aliud
407 1829 511 1896 quam
536 1829 667 1878 vacuus
693 1809 815 1877 titulus
839 1829 946 1897 penes
977 1829 1037 1877 eos
1066 1810 1231 1878 manebat

169 1924 241 2013 qui,
261 1925 321 1994 vix
337 1944 480 1994 munere
496 1925 621 2004 induti,
640 1925 675 1993 id
692 1945 822 1995 exuere
835 1927 1080 2013 cogebantur?

213 2044 262 2110 lle
277 2042 381 2129 plebe
397 2040 454 2110 bie
474 2061 591 2129 pauca
610 2041 759 2110 dicenda
778 2047 870 2110 sunt.
889 2043 988 2124 Quae,
1006 2043 1071 2109 sub
1090 2039 1229 2110 Tiberio

168 2157 389 2226 comitiorum
418 2157 464 2225 ad
494 2161 619 2226 Patres
643 2158 911 2226 translationem
940 2158 1114 2225 duntaxat
1132 2155 1230 2225 inani

166 2293 308 2343 rumore
331 2273 489 2362 questal,
513 2291 583 2341 non
605 2273 768 2341 libertate
791 2272 932 2359 dignior
956 2274 1052 2341 tacta
1074 2276 1169 2354 erat,
1194 2274 1229 2340 et

168 2408 236 2476 quo
262 2388 419 2477 pejorem
442 2387 605 2476 princeps
628 2387 774 2476 quisque
794 2408 831 2457 so
853 2390 1067 2476 praebuerat,
1089 2407 1131 2457 eo
1146 2407 1228 2456 ma-

162 2504 243 2593 jore
265 2504 382 2575 studio
398 2506 496 2574 illum
514 2510 592 2578 erat
607 2509 806 2592 prosecuta.
830 2505 870 2573 lli
894 2509 1032 2574 Marcus
1048 2524 1176 2592 panem
1192 2506 1229 2574 et

167 2621 339 2690 circenses
359 2641 428 2689 non
445 2621 652 2708 denegavit,
673 2622 749 2702 sed,
770 2641 896 2708 parum
913 2622 1020 2706 vulgo
1041 2624 1166 2708 gratus
1181 2623 1226 2690 ob

166 2737 402 2822 severitatem,
417 2741 498 2806 ante
511 2738 629 2806 omnia
640 2737 725 2825 quia
737 2738 837 2806 ludos
849 2736 1078 2825 despiciebat,
1093 2737 1226 2805 nullum

166 2855 199 2924 ei
218 2855 381 2923 nimirum
392 2854 462 2942 ·jus
487 2854 671 2924 reddidit5.
702 2857 775 2922 lmo
804 2873 883 2922 eum
910 2853 1005 2921 infra
1029 2852 1226 2920 videbimus

202 3065 227 3120 1.
247 3065 337 3121 Kuhn
352 3066 417 3130 (Die
427 3066 599 3121 stoedtiscbe
610 3069 675 3121 und
688 3062 882 3133 tomeritate
896 3062 1088 3132 Versossunp
1099 3065 1153 3118 des
1167 3077 1226 3120 roe·

164 3151 303 3207 miscben
317 3152 425 3208 Reiclts
444 3151 490 3206 tis
504 3150 569 3217 auf
577 3151 628 3206 die
638 3152 747 3206 Zetten
757 3150 943 3206 Iustiniana.
961 3147 1095 3219 Leipzig,
1110 3144 1223 3215 186181,

165 3250 194 3291 n.
209 3234 334 3294 1111181
350 3234 520 3291 Hirschfeld
535 3237 833 3304 (Unterrucbunqen,
856 3249 885 3305 p.
902 3231 965 3288 arb
980 3231 1093 3304 putant
1108 3231 1222 3287 Diocle·

163 3319 282 3376 tianum
295 3319 326 3375 in
341 3319 398 3374 hac
413 3319 485 3389 lege¹
495 3323 529 3376 1).
541 3321 644 3376 Marco
660 3335 742 3376 nova
756 3319 854 3375 verba
866 3317 1069 3389 adscripsisse
1080 3331 1147 3386 quae
1163 3331 1223 3371 non

163 3404 256 3475 hujus
270 3404 419 3475 temporis
434 3404 566 3462 tuissent
579 3424 586 3461 ε
597 3405 676 3474 quod
692 3419 752 3461 non
762 3404 885 3460 omnino
897 3402 1078 3474 probatum
1091 3402 1226 3458 tantum·

163 3490 252 3546 modo
265 3487 325 3544 dici
339 3489 443 3560 potest
456 3503 515 3546 non
534 3490 565 3545 in
585 3489 838 3560 inscriptionibus
850 3487 1084 3554 Persecttssimt
1098 3486 1224 3542 titulum

164 3575 235 3631 aute
250 3577 284 3630 ll.
299 3577 331 3630 l).
343 3571 392 3629 ror
409 3574 552 3630 inveniri.
569 3574 689 3638 Gruter,
706 3571 784 3631 3136.

197 3658 225 3715 2.
245 3658 343 3724 Klein,
357 3660 445 3716 Fasti
455 3661 644 3722 consulares,
661 3659 781 3730 Lipsiae,
799 3656 878 3725 1881,
893 3673 923 3729 p.
936 3656 979 3713 73.
990 3655 1221 3725 -Augustus...

163 3745 262 3802 totam
275 3743 646 3814 mutavitrempublicam,
663 3743 840 3800 consulibus
855 3741 977 3812 quidem
988 3741 1030 3796 nil
1040 3740 1154 3812 prater
1168 3755 1222 3796 no·

164 3843 243 3896 men,
260 3829 409 3900 temporis
419 3827 564 3888 videlicet
583 3827 737 3884 iudicandi
756 3826 871 3894 gratia,
888 3826 1097 3896 relinquens...
1111 3823 1222 3896 Lydus,

164 3915 206 3968 De
220 3913 376 3982 magistr„
391 3913 425 3968 ΙΙ.
441 3912 485 3968 ct.
497 3914 578 3982 Tac,
594 3914 687 3980 Hira,
703 3912 737 3980 ll,
749 3911 795 3980 71,
811 3912 870 3967 818.

198 3999 225 4056 3.
247 3999 413 4070 Lamprid,
431 4001 598 4056 Commod..
614 3996 640 4054 d.

199 4083 225 4142 l.
245 4087 326 4150 188,
342 4088 433 4153 Anu,
449 4086 470 4152 l,
487 4082 531 4140 15.
962 4131 964 4138 ,

198 4168 225 4226 5.
250 4167 406 4231 ’11818868
425 4171 451 4238 l,
473 4167 501 4238 5,
520 4169 552 4226 et
569 4170 701 4238 passim.
715 4197 751 4208 -
765 4167 819 4222 (Α
840 4165 929 4236 patre
954 4163 1106 4234 [didicil...
1126 4176 1223 4232 neque

164 4256 246 4312 circa
264 4254 338 4312 deos
355 4253 602 4327 superstitiosum
624 4266 702 4320 esse,
723 4265 819 4322 neque
838 4251 924 4306 81888
944 4248 1083 4306 homines
1091 4248 1223 4318 populo·
