<?xml version="1.0" encoding="UTF-8"?>
<!DOCTYPE html PUBLIC "-//W3C//DTD XHTML 1.0 Transitional//EN"
    "http://www.w3.org/TR/xhtml1/DTD/xhtml1-transitional.dtd">
<html xmlns="http://www.w3.org/1999/xhtml" xml:lang="en" lang="en">
 <head>
  <title>
</title>
<meta http-equiv="Content-Type" content="text/html;charset=utf-8" />
  <meta name='ocr-system' content='tesseract 3.04.00' />
  <meta name='ocr-capabilities' content='ocr_page ocr_carea ocr_par ocr_line ocrx_word'/>
</head>
<body>
  <div class='ocr_page' id='page_1' title='image "./deconstitutioni00dumgoog_0052.png"; bbox 0 0 3128 4962; ppageno 0'>
   <div class='ocr_carea' id='block_1_1' title="bbox 607 381 1300 450">
    <p class='ocr_par' dir='ltr' id='par_1_1' title="bbox 607 381 1300 450">
     <span class='ocr_line' id='line_1_1' title="bbox 607 381 1300 450; baseline 0.006 -4"><span class='ocrx_word' id='word_1_1' title='bbox 607 399 760 448; x_wconf 58' lang='lat' dir='ltr'>uacuus</span> <span class='ocrx_word' id='word_1_2' title='bbox 783 398 936 448; x_wconf 81' lang='lat' dir='ltr'>ruaurcc.</span> <span class='ocrx_word' id='word_1_3' title='bbox 1256 381 1300 450; x_wconf 78' lang='grc'>89</span> 
     </span>
    </p>
   </div>
   <div class='ocr_carea' id='block_1_2' title="bbox 237 521 1301 842">
    <p class='ocr_par' dir='ltr' id='par_1_2' title="bbox 237 521 1301 842">
     <span class='ocr_line' id='line_1_2' title="bbox 285 521 1301 620; baseline 0.006 -31"><span class='ocrx_word' id='word_1_4' title='bbox 285 523 369 590; x_wconf 83' lang='lat' dir='ltr'>Haec</span> <span class='ocrx_word' id='word_1_5' title='bbox 383 540 494 607; x_wconf 83' lang='lat' dir='ltr'>usque</span> <span class='ocrx_word' id='word_1_6' title='bbox 509 521 557 590; x_wconf 83' lang='lat' dir='ltr'>ad</span> <span class='ocrx_word' id='word_1_7' title='bbox 572 523 739 620; x_wconf 74' lang='lat' dir='ltr'>Neruam.</span> <span class='ocrx_word' id='word_1_8' title='bbox 761 525 847 590; x_wconf 90' lang='lat' dir='ltr'>Tum</span> <span class='ocrx_word' id='word_1_9' title='bbox 862 523 978 610; x_wconf 83' lang='lat' dir='ltr'>magis</span> <span class='ocrx_word' id='word_1_10' title='bbox 994 521 1301 594; x_wconf 83' lang='lat' dir='ltr'>aJudaeisdiscre-</span> 
     </span>
     <span class='ocr_line' id='line_1_3' title="bbox 237 637 1301 730; baseline 0.007 -25"><span class='ocrx_word' id='word_1_11' title='bbox 237 641 297 706; x_wconf 84' lang='lat' dir='ltr'>tos</span> <span class='ocrx_word' id='word_1_12' title='bbox 317 637 535 706; x_wconf 87' lang='lat' dir='ltr'>christianos</span> <span class='ocrx_word' id='word_1_13' title='bbox 555 637 664 705; x_wconf 86' lang='lat' dir='ltr'>luisse</span> <span class='ocrx_word' id='word_1_14' title='bbox 680 643 841 724; x_wconf 87' lang='lat' dir='ltr'>apparet.</span> <span class='ocrx_word' id='word_1_15' title='bbox 860 639 930 706; x_wconf 90' lang='lat' dir='ltr'>Sub</span> <span class='ocrx_word' id='word_1_16' title='bbox 944 641 1063 707; x_wconf 86' lang='lat' dir='ltr'>Nerva</span> <span class='ocrx_word' id='word_1_17' title='bbox 1079 639 1301 730; x_wconf 62' lang='lat' dir='ltr'>Troianoque</span> 
     </span>
     <span class='ocr_line' id='line_1_4' title="bbox 238 753 1301 842; baseline 0.006 -20"><span class='ocrx_word' id='word_1_18' title='bbox 238 775 321 842; x_wconf 86' lang='lat' dir='ltr'>quae</span> <span class='ocrx_word' id='word_1_19' title='bbox 345 754 452 822; x_wconf 84' lang='lat' dir='ltr'>luerit</span> <span class='ocrx_word' id='word_1_20' title='bbox 466 753 745 822; x_wconf 87' lang='lat' dir='ltr'>Christianorum</span> <span class='ocrx_word' id='word_1_21' title='bbox 764 773 858 837; x_wconf 92' lang='lat' dir='ltr'>sors,</span> <span class='ocrx_word' id='word_1_22' title='bbox 877 755 992 823; x_wconf 89' lang='lat' dir='ltr'>minus</span> <span class='ocrx_word' id='word_1_23' title='bbox 1011 757 1216 838; x_wconf 89' lang='lat' dir='ltr'>obscurum,</span> <span class='ocrx_word' id='word_1_24' title='bbox 1237 775 1301 828; x_wconf 83' lang='lat' dir='ltr'>ner</span> 
     </span>
    </p>
   </div>
   <div class='ocr_carea' id='block_1_3' title="bbox 238 869 1418 946">
    <p class='ocr_par' dir='ltr' id='par_1_3' title="bbox 238 869 1418 946">
     <span class='ocr_line' id='line_1_5' title="bbox 238 869 1418 946; baseline 0.006 -7"><span class='ocrx_word' id='word_1_25' title='bbox 238 874 360 939; x_wconf 88' lang='lat' dir='ltr'>tamen</span> <span class='ocrx_word' id='word_1_26' title='bbox 376 869 519 938; x_wconf 91' lang='lat' dir='ltr'>omniun</span> <span class='ocrx_word' id='word_1_27' title='bbox 538 873 671 936; x_wconf 90' lang='lat' dir='ltr'>certum</span> <span class='ocrx_word' id='word_1_28' title='bbox 688 873 752 936; x_wconf 90' lang='lat' dir='ltr'>est.</span> <span class='ocrx_word' id='word_1_29' title='bbox 771 869 840 936; x_wconf 82' lang='lat' dir='ltr'>Vix</span> <span class='ocrx_word' id='word_1_30' title='bbox 862 889 1059 939; x_wconf 88' lang='lat' dir='ltr'>memorare</span> <span class='ocrx_word' id='word_1_31' title='bbox 1086 889 1227 942; x_wconf 88' lang='lat' dir='ltr'>necesse</span> <span class='ocrx_word' id='word_1_32' title='bbox 1248 875 1300 942; x_wconf 88' lang='lat' dir='ltr'>ost</span> <span class='ocrx_word' id='word_1_33' title='bbox 1416 935 1418 946; x_wconf 94' lang='lat'>.</span> 
     </span>
    </p>
   </div>
   <div class='ocr_carea' id='block_1_4' title="bbox 237 983 1300 2460">
    <p class='ocr_par' dir='ltr' id='par_1_4' title="bbox 237 983 1300 2460">
     <span class='ocr_line' id='line_1_6' title="bbox 239 983 1300 1074; baseline 0.002 -20"><span class='ocrx_word' id='word_1_34' title='bbox 239 986 428 1074; x_wconf 90' lang='lat' dir='ltr'>epistolam</span> <span class='ocrx_word' id='word_1_35' title='bbox 442 1005 547 1071; x_wconf 90' lang='lat' dir='ltr'>quam</span> <span class='ocrx_word' id='word_1_36' title='bbox 565 985 610 1052; x_wconf 87' lang='lat' dir='ltr'>ad</span> <span class='ocrx_word' id='word_1_37' title='bbox 622 983 774 1052; x_wconf 87' lang='lat' dir='ltr'><strong>Plinium</strong></span> <span class='ocrx_word' id='word_1_38' title='bbox 786 983 959 1072; x_wconf 83' lang='lat' dir='ltr'>Trajanus</span> <span class='ocrx_word' id='word_1_39' title='bbox 978 984 1130 1072; x_wconf 77' lang='lat' dir='ltr'>scripsit,</span> <span class='ocrx_word' id='word_1_40' title='bbox 1148 985 1300 1056; x_wconf 87' lang='lat' dir='ltr'>interro-</span> 
     </span>
     <span class='ocr_line' id='line_1_7' title="bbox 239 1099 1300 1189; baseline 0.002 -19"><span class='ocrx_word' id='word_1_41' title='bbox 239 1106 384 1189; x_wconf 83' lang='lat' dir='ltr'>gantem</span> <span class='ocrx_word' id='word_1_42' title='bbox 410 1120 480 1188; x_wconf 88' lang='lat' dir='ltr'>qua</span> <span class='ocrx_word' id='word_1_43' title='bbox 500 1121 607 1188; x_wconf 86' lang='lat' dir='ltr'>poena</span> <span class='ocrx_word' id='word_1_44' title='bbox 635 1099 833 1187; x_wconf 84' lang='lat' dir='ltr'>castigandi</span> <span class='ocrx_word' id='word_1_45' title='bbox 859 1103 1009 1170; x_wconf 72' lang='lat' dir='ltr'>essentl.</span> <span class='ocrx_word' id='word_1_46' title='bbox 1031 1103 1108 1170; x_wconf 93' lang='lat' dir='ltr'>Non</span> <span class='ocrx_word' id='word_1_47' title='bbox 1130 1101 1186 1171; x_wconf 89' lang='lat' dir='ltr'>hic</span> <span class='ocrx_word' id='word_1_48' title='bbox 1203 1103 1300 1172; x_wconf 89' lang='lat' dir='ltr'>locus</span> 
     </span>
     <span class='ocr_line' id='line_1_8' title="bbox 239 1215 1299 1306; baseline 0.002 -21"><span class='ocrx_word' id='word_1_49' title='bbox 239 1222 295 1286; x_wconf 89' lang='lat' dir='ltr'>est</span> <span class='ocrx_word' id='word_1_50' title='bbox 315 1218 359 1285; x_wconf 90' lang='lat' dir='ltr'>de</span> <span class='ocrx_word' id='word_1_51' title='bbox 380 1217 458 1306; x_wconf 88' lang='lat' dir='ltr'>ejus</span> <span class='ocrx_word' id='word_1_52' title='bbox 473 1217 541 1284; x_wconf 83' lang='lat' dir='ltr'>tide</span> <span class='ocrx_word' id='word_1_53' title='bbox 557 1215 773 1297; x_wconf 87' lang='lat' dir='ltr'>disserendi,</span> <span class='ocrx_word' id='word_1_54' title='bbox 798 1217 858 1284; x_wconf 87' lang='lat' dir='ltr'>sed</span> <span class='ocrx_word' id='word_1_55' title='bbox 874 1215 1064 1284; x_wconf 86' lang='lat' dir='ltr'>verisimile</span> <span class='ocrx_word' id='word_1_56' title='bbox 1090 1219 1143 1286; x_wconf 90' lang='lat' dir='ltr'>est</span> <span class='ocrx_word' id='word_1_57' title='bbox 1165 1217 1299 1288; x_wconf 87' lang='lat' dir='ltr'>illamo</span> 
     </span>
     <span class='ocr_line' id='line_1_9' title="bbox 239 1332 1297 1420; baseline 0.001 -20"><span class='ocrx_word' id='word_1_58' title='bbox 239 1333 402 1420; x_wconf 80' lang='lat' dir='ltr'>longiore</span> <span class='ocrx_word' id='word_1_59' title='bbox 417 1336 633 1420; x_wconf 82' lang='lat' dir='ltr'>excerptam,</span> <span class='ocrx_word' id='word_1_60' title='bbox 644 1332 728 1419; x_wconf 90' lang='lat' dir='ltr'>quia</span> <span class='ocrx_word' id='word_1_61' title='bbox 739 1351 918 1419; x_wconf 89' lang='lat' dir='ltr'>nunquam</span> <span class='ocrx_word' id='word_1_62' title='bbox 935 1337 1006 1400; x_wconf 91' lang='lat' dir='ltr'>tam</span> <span class='ocrx_word' id='word_1_63' title='bbox 1017 1336 1143 1402; x_wconf 90' lang='lat' dir='ltr'>breves</span> <span class='ocrx_word' id='word_1_64' title='bbox 1160 1333 1297 1404; x_wconf 80' lang='lat' dir='ltr'>litteras</span> 
     </span>
     <span class='ocr_line' id='line_1_10' title="bbox 240 1424 1298 1534; baseline 0.003 -17"><span class='ocrx_word' id='word_1_65' title='bbox 240 1424 347 1517; x_wconf 77' lang='lat' dir='ltr'>etiam</span> <span class='ocrx_word' id='word_1_66' title='bbox 364 1450 409 1517; x_wconf 87' lang='lat' dir='ltr'>de</span> <span class='ocrx_word' id='word_1_67' title='bbox 420 1448 573 1518; x_wconf 89' lang='lat' dir='ltr'>minimis</span> <span class='ocrx_word' id='word_1_68' title='bbox 587 1451 692 1516; x_wconf 90' lang='lat' dir='ltr'>rebus</span> <span class='ocrx_word' id='word_1_69' title='bbox 708 1446 880 1534; x_wconf 78' lang='lat' dir='ltr'>Traianus</span> <span class='ocrx_word' id='word_1_70' title='bbox 898 1448 1075 1528; x_wconf 90' lang='lat' dir='ltr'>mittebat;</span> <span class='ocrx_word' id='word_1_71' title='bbox 1096 1469 1159 1518; x_wconf 89' lang='lat' dir='ltr'>nec</span> <span class='ocrx_word' id='word_1_72' title='bbox 1178 1469 1298 1520; x_wconf 86' lang='lat' dir='ltr'>rursus</span> 
     </span>
     <span class='ocr_line' id='line_1_11' title="bbox 239 1562 1299 1653; baseline 0 -19"><span class='ocrx_word' id='word_1_73' title='bbox 239 1563 448 1653; x_wconf 85' lang='lat' dir='ltr'>posterioris</span> <span class='ocrx_word' id='word_1_74' title='bbox 469 1563 587 1632; x_wconf 89' lang='lat' dir='ltr'>aetatis</span> <span class='ocrx_word' id='word_1_75' title='bbox 611 1562 794 1631; x_wconf 82' lang='lat' dir='ltr'>falsarium</span> <span class='ocrx_word' id='word_1_76' title='bbox 818 1564 925 1630; x_wconf 92' lang='lat' dir='ltr'>ullum</span> <span class='ocrx_word' id='word_1_77' title='bbox 943 1563 1118 1634; x_wconf 78' lang='lat' dir='ltr'>exstitisse</span> <span class='ocrx_word' id='word_1_78' title='bbox 1145 1565 1299 1636; x_wconf 79' lang='lat' dir='ltr'>arbitror</span> 
     </span>
     <span class='ocr_line' id='line_1_12' title="bbox 239 1678 1298 1768; baseline 0.001 -19"><span class='ocrx_word' id='word_1_79' title='bbox 239 1681 300 1768; x_wconf 91' lang='lat' dir='ltr'>qui</span> <span class='ocrx_word' id='word_1_80' title='bbox 318 1679 425 1747; x_wconf 86' lang='lat' dir='ltr'>Plinii</span> <span class='ocrx_word' id='word_1_81' title='bbox 443 1679 657 1767; x_wconf 70' lang='lat' dir='ltr'>Traianique</span> <span class='ocrx_word' id='word_1_82' title='bbox 673 1678 843 1747; x_wconf 81' lang='lat' dir='ltr'>scribendi</span> <span class='ocrx_word' id='word_1_83' title='bbox 863 1683 1059 1749; x_wconf 79' lang='lat' dir='ltr'>artemiam</span> <span class='ocrx_word' id='word_1_84' title='bbox 1075 1681 1201 1751; x_wconf 86' lang='lat' dir='ltr'>callide</span> <span class='ocrx_word' id='word_1_85' title='bbox 1217 1681 1298 1751; x_wconf 92' lang='lat' dir='ltr'>imi-</span> 
     </span>
     <span class='ocr_line' id='line_1_13' title="bbox 239 1794 1300 1884; baseline 0.003 -20"><span class='ocrx_word' id='word_1_86' title='bbox 239 1797 310 1865; x_wconf 90' lang='lat' dir='ltr'>tari</span> <span class='ocrx_word' id='word_1_87' title='bbox 330 1798 460 1884; x_wconf 88' lang='lat' dir='ltr'>posset.</span> <span class='ocrx_word' id='word_1_88' title='bbox 491 1833 524 1842; x_wconf 83' lang='lat'><em>-</em></span> <span class='ocrx_word' id='word_1_89' title='bbox 545 1797 622 1862; x_wconf 92' lang='lat' dir='ltr'>Non</span> <span class='ocrx_word' id='word_1_90' title='bbox 646 1814 689 1862; x_wconf 86' lang='lat' dir='ltr'>ex</span> <span class='ocrx_word' id='word_1_91' title='bbox 719 1794 864 1882; x_wconf 87' lang='lat' dir='ltr'>Trajani</span> <span class='ocrx_word' id='word_1_92' title='bbox 890 1795 1055 1864; x_wconf 87' lang='lat' dir='ltr'>mandato</span> <span class='ocrx_word' id='word_1_93' title='bbox 1081 1797 1300 1884; x_wconf 87' lang='lat' dir='ltr'>apertissime</span> 
     </span>
     <span class='ocr_line' id='line_1_14' title="bbox 239 1910 1299 2000; baseline 0.003 -19"><span class='ocrx_word' id='word_1_94' title='bbox 239 1916 390 2000; x_wconf 90' lang='lat' dir='ltr'>apparet</span> <span class='ocrx_word' id='word_1_95' title='bbox 415 1931 495 2000; x_wconf 87' lang='lat' dir='ltr'>quae</span> <span class='ocrx_word' id='word_1_96' title='bbox 520 1929 628 1998; x_wconf 88' lang='lat' dir='ltr'>poena</span> <span class='ocrx_word' id='word_1_97' title='bbox 655 1910 931 1979; x_wconf 82' lang='lat' dir='ltr'>Christianorum</span> <span class='ocrx_word' id='word_1_98' title='bbox 961 1915 1071 1996; x_wconf 88' lang='lat' dir='ltr'>esset,</span> <span class='ocrx_word' id='word_1_99' title='bbox 1098 1915 1159 1981; x_wconf 90' lang='lat' dir='ltr'>aut</span> <span class='ocrx_word' id='word_1_100' title='bbox 1185 1916 1299 1984; x_wconf 89' lang='lat' dir='ltr'>utrum</span> 
     </span>
     <span class='ocr_line' id='line_1_15' title="bbox 238 2025 1299 2113; baseline 0.004 -18"><span class='ocrx_word' id='word_1_101' title='bbox 238 2029 351 2096; x_wconf 87' lang='lat' dir='ltr'>solum</span> <span class='ocrx_word' id='word_1_102' title='bbox 383 2025 573 2095; x_wconf 76' lang='lat' dir='ltr'>Christiani</span> <span class='ocrx_word' id='word_1_103' title='bbox 601 2044 724 2093; x_wconf 90' lang='lat' dir='ltr'>nomen</span> <span class='ocrx_word' id='word_1_104' title='bbox 752 2026 952 2113; x_wconf 88' lang='lat' dir='ltr'>puniretur,</span> <span class='ocrx_word' id='word_1_105' title='bbox 984 2047 1027 2094; x_wconf 87' lang='lat' dir='ltr'>an</span> <span class='ocrx_word' id='word_1_106' title='bbox 1061 2029 1299 2100; x_wconf 88' lang='lat' dir='ltr'>tantummodo</span> 
     </span>
     <span class='ocr_line' id='line_1_16' title="bbox 239 2140 1299 2237; baseline 0.002 -25"><span class='ocrx_word' id='word_1_107' title='bbox 239 2144 391 2212; x_wconf 91' lang='lat' dir='ltr'>aliorum</span> <span class='ocrx_word' id='word_1_108' title='bbox 405 2140 589 2237; x_wconf 90' lang='lat' dir='ltr'>criminum</span> <span class='ocrx_word' id='word_1_109' title='bbox 604 2141 772 2210; x_wconf 90' lang='lat' dir='ltr'>convictis</span> <span class='ocrx_word' id='word_1_110' title='bbox 783 2162 891 2229; x_wconf 88' lang='lat' dir='ltr'>poena</span> <span class='ocrx_word' id='word_1_111' title='bbox 903 2142 1140 2230; x_wconf 83' lang='lat' dir='ltr'>irrogaretur;</span> <span class='ocrx_word' id='word_1_112' title='bbox 1159 2163 1221 2212; x_wconf 90' lang='lat' dir='ltr'>nec</span> <span class='ocrx_word' id='word_1_113' title='bbox 1234 2145 1299 2214; x_wconf 86' lang='lat' dir='ltr'>sibi</span> 
     </span>
     <span class='ocr_line' id='line_1_17' title="bbox 238 2257 1300 2348; baseline 0.002 -19"><span class='ocrx_word' id='word_1_114' title='bbox 238 2259 379 2329; x_wconf 91' lang='lat' dir='ltr'>omnino</span> <span class='ocrx_word' id='word_1_115' title='bbox 396 2265 559 2328; x_wconf 82' lang='lat' dir='ltr'>constare</span> <span class='ocrx_word' id='word_1_116' title='bbox 575 2257 740 2345; x_wconf 86' lang='lat' dir='ltr'>princeps</span> <span class='ocrx_word' id='word_1_117' title='bbox 757 2258 895 2326; x_wconf 88' lang='lat' dir='ltr'>videtur</span> <span class='ocrx_word' id='word_1_118' title='bbox 912 2278 990 2326; x_wconf 91' lang='lat' dir='ltr'>cum</span> <span class='ocrx_word' id='word_1_119' title='bbox 1006 2259 1100 2326; x_wconf 91' lang='lat' dir='ltr'>dicat</span> <span class='ocrx_word' id='word_1_120' title='bbox 1120 2281 1127 2325; x_wconf 94' lang='lat'>:</span> <span class='ocrx_word' id='word_1_121' title='bbox 1151 2283 1167 2320; x_wconf 90' lang='grc'>«</span> <span class='ocrx_word' id='word_1_122' title='bbox 1182 2262 1300 2348; x_wconf 80' lang='lat' dir='ltr'>Neque</span> 
     </span>
     <span class='ocr_line' id='line_1_18' title="bbox 237 2371 1297 2460; baseline 0.002 -16"><span class='ocrx_word' id='word_1_123' title='bbox 237 2375 331 2444; x_wconf 89' lang='lat' dir='ltr'>enim</span> <span class='ocrx_word' id='word_1_124' title='bbox 347 2374 384 2442; x_wconf 91' lang='lat' dir='ltr'>in</span> <span class='ocrx_word' id='word_1_125' title='bbox 400 2373 600 2441; x_wconf 88' lang='lat' dir='ltr'>universum</span> <span class='ocrx_word' id='word_1_126' title='bbox 617 2371 764 2459; x_wconf 85' lang='lat' dir='ltr'>aliquid,</span> <span class='ocrx_word' id='word_1_127' title='bbox 782 2372 874 2458; x_wconf 90' lang='lat' dir='ltr'>quod</span> <span class='ocrx_word' id='word_1_128' title='bbox 892 2372 992 2460; x_wconf 88' lang='lat' dir='ltr'>quasi</span> <span class='ocrx_word' id='word_1_129' title='bbox 1008 2377 1140 2442; x_wconf 90' lang='lat' dir='ltr'>certam</span> <span class='ocrx_word' id='word_1_130' title='bbox 1151 2373 1297 2446; x_wconf 75' lang='lat' dir='ltr'>formam</span> 
     </span>
    </p>
   </div>
   <div class='ocr_carea' id='block_1_5' title="bbox 236 2489 1301 3272">
    <p class='ocr_par' dir='ltr' id='par_1_5' title="bbox 236 2489 1300 3041">
     <span class='ocr_line' id='line_1_19' title="bbox 237 2489 1300 2578; baseline 0 -18"><span class='ocrx_word' id='word_1_131' title='bbox 237 2493 385 2575; x_wconf 89' lang='lat' dir='ltr'>habeat,</span> <span class='ocrx_word' id='word_1_132' title='bbox 404 2489 569 2559; x_wconf 88' lang='lat' dir='ltr'>constitui</span> <span class='ocrx_word' id='word_1_133' title='bbox 592 2492 719 2576; x_wconf 87' lang='lat' dir='ltr'>potest.</span> <span class='ocrx_word' id='word_1_134' title='bbox 741 2514 757 2550; x_wconf 91' lang='lat'>»</span> <span class='ocrx_word' id='word_1_135' title='bbox 786 2491 828 2555; x_wconf 85' lang='lat' dir='ltr'>Et</span> <span class='ocrx_word' id='word_1_136' title='bbox 849 2508 969 2556; x_wconf 90' lang='lat' dir='ltr'>rursus</span> <span class='ocrx_word' id='word_1_137' title='bbox 988 2508 997 2554; x_wconf 74' lang='grc' dir='ltr'>ι</span> <span class='ocrx_word' id='word_1_138' title='bbox 1031 2513 1047 2550; x_wconf 87' lang='lat'><strong><em>«</em></strong></span> <span class='ocrx_word' id='word_1_139' title='bbox 1068 2489 1300 2578; x_wconf 80' lang='lat' dir='ltr'>Conquirendi</span> 
     </span>
     <span class='ocr_line' id='line_1_20' title="bbox 236 2605 1297 2692; baseline -0.002 -14"><span class='ocrx_word' id='word_1_140' title='bbox 236 2628 308 2678; x_wconf 91' lang='lat' dir='ltr'>non</span> <span class='ocrx_word' id='word_1_141' title='bbox 319 2610 417 2686; x_wconf 88' lang='lat' dir='ltr'>sunt;</span> <span class='ocrx_word' id='word_1_142' title='bbox 430 2606 460 2674; x_wconf 87' lang='lat' dir='ltr'>si</span> <span class='ocrx_word' id='word_1_143' title='bbox 475 2607 679 2674; x_wconf 84' lang='lat' dir='ltr'>deierantur</span> <span class='ocrx_word' id='word_1_144' title='bbox 692 2609 727 2673; x_wconf 89' lang='lat' dir='ltr'>et</span> <span class='ocrx_word' id='word_1_145' title='bbox 743 2608 953 2687; x_wconf 80' lang='lat' dir='ltr'>arguantur,</span> <span class='ocrx_word' id='word_1_146' title='bbox 964 2605 1132 2692; x_wconf 90' lang='lat' dir='ltr'>puniendi</span> <span class='ocrx_word' id='word_1_147' title='bbox 1144 2611 1260 2676; x_wconf 66' lang='lat' dir='ltr'>sonte.</span> <span class='ocrx_word' id='word_1_148' title='bbox 1281 2631 1297 2666; x_wconf 66' lang='grc' dir='ltr'><em>ν</em></span> 
     </span>
     <span class='ocr_line' id='line_1_21' title="bbox 237 2720 1298 2808; baseline 0 -17"><span class='ocrx_word' id='word_1_149' title='bbox 237 2725 413 2805; x_wconf 81' lang='lat' dir='ltr'>Ceterum,</span> <span class='ocrx_word' id='word_1_150' title='bbox 432 2723 584 2789; x_wconf 86' lang='lat' dir='ltr'>secundo</span> <span class='ocrx_word' id='word_1_151' title='bbox 604 2725 686 2807; x_wconf 87' lang='lat' dir='ltr'>post</span> <span class='ocrx_word' id='word_1_152' title='bbox 702 2720 877 2788; x_wconf 84' lang='lat' dir='ltr'>christum</span> <span class='ocrx_word' id='word_1_153' title='bbox 901 2721 1044 2802; x_wconf 75' lang='lat' dir='ltr'>saecum,</span> <span class='ocrx_word' id='word_1_154' title='bbox 1067 2720 1136 2789; x_wconf 91' lang='lat' dir='ltr'>imo</span> <span class='ocrx_word' id='word_1_155' title='bbox 1162 2725 1298 2808; x_wconf 87' lang='lat' dir='ltr'>postea,</span> 
     </span>
     <span class='ocr_line' id='line_1_22' title="bbox 237 2835 1298 2926; baseline 0.001 -21"><span class='ocrx_word' id='word_1_156' title='bbox 237 2837 412 2926; x_wconf 86' lang='lat' dir='ltr'>Trajanus</span> <span class='ocrx_word' id='word_1_157' title='bbox 436 2836 644 2906; x_wconf 76' lang='lat' dir='ltr'>Christianis</span> <span class='ocrx_word' id='word_1_158' title='bbox 670 2856 740 2904; x_wconf 90' lang='lat' dir='ltr'>non</span> <span class='ocrx_word' id='word_1_159' title='bbox 764 2836 920 2904; x_wconf 83' lang='lat' dir='ltr'>infensus</span> <span class='ocrx_word' id='word_1_160' title='bbox 938 2835 1045 2904; x_wconf 84' lang='lat' dir='ltr'>fuisse</span> <span class='ocrx_word' id='word_1_161' title='bbox 1069 2839 1298 2924; x_wconf 72' lang='lat' dir='ltr'>putabaturl.</span> 
     </span>
     <span class='ocr_line' id='line_1_23' title="bbox 236 2951 1298 3041; baseline 0 -19"><span class='ocrx_word' id='word_1_162' title='bbox 236 2958 416 3041; x_wconf 89' lang='lat' dir='ltr'>Nusquam</span> <span class='ocrx_word' id='word_1_163' title='bbox 437 2952 521 3020; x_wconf 88' lang='lat' dir='ltr'>alibi</span> <span class='ocrx_word' id='word_1_164' title='bbox 539 2952 574 3019; x_wconf 94' lang='lat' dir='ltr'>in</span> <span class='ocrx_word' id='word_1_165' title='bbox 592 2951 699 3019; x_wconf 91' lang='lat' dir='ltr'>Plinii</span> <span class='ocrx_word' id='word_1_166' title='bbox 716 2951 843 3020; x_wconf 88' lang='lat' dir='ltr'>litteris</span> <span class='ocrx_word' id='word_1_167' title='bbox 861 2951 1045 3020; x_wconf 89' lang='lat' dir='ltr'>christiani</span> <span class='ocrx_word' id='word_1_168' title='bbox 1060 2952 1298 3022; x_wconf 85' lang='lat' dir='ltr'>nominantur.</span> 
     </span>
    </p>

    <p class='ocr_par' dir='ltr' id='par_1_6' title="bbox 237 3066 1301 3272">
     <span class='ocr_line' id='line_1_24' title="bbox 281 3066 1301 3157; baseline -0.001 -20"><span class='ocrx_word' id='word_1_169' title='bbox 281 3074 368 3139; x_wconf 88' lang='lat' dir='ltr'>Post</span> <span class='ocrx_word' id='word_1_170' title='bbox 385 3069 577 3157; x_wconf 87' lang='lat' dir='ltr'>Trajanum</span> <span class='ocrx_word' id='word_1_171' title='bbox 594 3069 706 3135; x_wconf 89' lang='lat' dir='ltr'>multa</span> <span class='ocrx_word' id='word_1_172' title='bbox 721 3066 919 3136; x_wconf 83' lang='lat' dir='ltr'>invenimus</span> <span class='ocrx_word' id='word_1_173' title='bbox 937 3069 1090 3138; x_wconf 87' lang='lat' dir='ltr'>obscura</span> <span class='ocrx_word' id='word_1_174' title='bbox 1103 3071 1140 3136; x_wconf 90' lang='lat' dir='ltr'>et</span> <span class='ocrx_word' id='word_1_175' title='bbox 1152 3067 1244 3138; x_wconf 86' lang='lat' dir='ltr'>inter</span> <span class='ocrx_word' id='word_1_176' title='bbox 1263 3087 1301 3136; x_wconf 71' lang='lat' dir='ltr'>ae</span> 
     </span>
     <span class='ocr_line' id='line_1_25' title="bbox 237 3182 1298 3272; baseline -0.003 -17"><span class='ocrx_word' id='word_1_177' title='bbox 237 3186 430 3255; x_wconf 85' lang='lat' dir='ltr'>contraria.</span> <span class='ocrx_word' id='word_1_178' title='bbox 452 3184 666 3266; x_wconf 68' lang='lat' dir='ltr'>Hadrianua</span> <span class='ocrx_word' id='word_1_179' title='bbox 687 3182 805 3270; x_wconf 88' lang='lat' dir='ltr'>potius</span> <span class='ocrx_word' id='word_1_180' title='bbox 821 3203 962 3268; x_wconf 82' lang='lat' dir='ltr'>graecus</span> <span class='ocrx_word' id='word_1_181' title='bbox 977 3203 1083 3272; x_wconf 85' lang='lat' dir='ltr'>quam</span> <span class='ocrx_word' id='word_1_182' title='bbox 1098 3203 1265 3252; x_wconf 75' lang='lat' dir='ltr'>romanus</span> <span class='ocrx_word' id='word_1_183' title='bbox 1275 3185 1298 3268; x_wconf 70' lang='lat' dir='ltr'>l,</span> 
     </span>
    </p>
   </div>
   <div class='ocr_carea' id='block_1_6' title="bbox 234 3473 1299 4313">
    <p class='ocr_par' dir='ltr' id='par_1_7' title="bbox 237 3473 1298 3632">
     <span class='ocr_line' id='line_1_26' title="bbox 237 3473 1298 3550; baseline -0.004 -16"><span class='ocrx_word' id='word_1_184' title='bbox 237 3477 326 3550; x_wconf 85' lang='lat' dir='ltr'>plebe</span> <span class='ocrx_word' id='word_1_185' title='bbox 354 3477 542 3532; x_wconf 86' lang='lat' dir='ltr'>atrociorum</span> <span class='ocrx_word' id='word_1_186' title='bbox 569 3475 742 3530; x_wconf 80' lang='lat' dir='ltr'>facinorum</span> <span class='ocrx_word' id='word_1_187' title='bbox 770 3475 970 3544; x_wconf 71' lang='lat' dir='ltr'>vehementer</span> <span class='ocrx_word' id='word_1_188' title='bbox 999 3473 1209 3544; x_wconf 70' lang='lat' dir='ltr'>insimulata,</span> <span class='ocrx_word' id='word_1_189' title='bbox 1240 3475 1298 3531; x_wconf 87' lang='lat' dir='ltr'>all·</span> 
     </span>
     <span class='ocr_line' id='line_1_27' title="bbox 237 3561 912 3632; baseline -0.003 -14"><span class='ocrx_word' id='word_1_190' title='bbox 237 3562 358 3632; x_wconf 85' lang='lat' dir='ltr'>quaudo</span> <span class='ocrx_word' id='word_1_191' title='bbox 372 3561 486 3617; x_wconf 78' lang='lat' dir='ltr'>Judaeis</span> <span class='ocrx_word' id='word_1_192' title='bbox 500 3561 711 3628; x_wconf 85' lang='lat' dir='ltr'>incitantibus,</span> <span class='ocrx_word' id='word_1_193' title='bbox 722 3561 840 3616; x_wconf 89' lang='lat' dir='ltr'>certum</span> <span class='ocrx_word' id='word_1_194' title='bbox 853 3561 912 3616; x_wconf 87' lang='lat' dir='ltr'>est.</span> 
     </span>
    </p>

    <p class='ocr_par' dir='ltr' id='par_1_8' title="bbox 234 3643 1299 3886">
     <span class='ocr_line' id='line_1_28' title="bbox 274 3643 1297 3716; baseline -0.002 -14"><span class='ocrx_word' id='word_1_195' title='bbox 274 3647 298 3702; x_wconf 91' lang='lat' dir='ltr'>l.</span> <span class='ocrx_word' id='word_1_196' title='bbox 318 3647 397 3702; x_wconf 91' lang='lat' dir='ltr'>Plin.</span> <span class='ocrx_word' id='word_1_197' title='bbox 413 3647 512 3715; x_wconf 79' lang='lat' dir='ltr'>Epist.</span> <span class='ocrx_word' id='word_1_198' title='bbox 533 3660 562 3713; x_wconf 85' lang='lat' dir='ltr'>x,</span> <span class='ocrx_word' id='word_1_199' title='bbox 576 3644 623 3712; x_wconf 79' lang='lat'>97,</span> <span class='ocrx_word' id='word_1_200' title='bbox 642 3643 688 3700; x_wconf 80' lang='grc'>98.</span> <span class='ocrx_word' id='word_1_201' title='bbox 703 3649 744 3700; x_wconf 87' lang='lat' dir='ltr'>De</span> <span class='ocrx_word' id='word_1_202' title='bbox 759 3646 807 3702; x_wconf 86' lang='lat' dir='ltr'>his</span> <span class='ocrx_word' id='word_1_203' title='bbox 821 3645 886 3700; x_wconf 78' lang='lat' dir='ltr'>vid.</span> <span class='ocrx_word' id='word_1_204' title='bbox 899 3648 931 3702; x_wconf 89' lang='lat' dir='ltr'>c.</span> <span class='ocrx_word' id='word_1_205' title='bbox 946 3645 985 3701; x_wconf 85' lang='lat' dir='ltr'>de</span> <span class='ocrx_word' id='word_1_206' title='bbox 1003 3645 1034 3702; x_wconf 81' lang='lat' dir='ltr'>la</span> <span class='ocrx_word' id='word_1_207' title='bbox 1048 3648 1155 3716; x_wconf 67' lang='lat' dir='ltr'>Berge,</span> <span class='ocrx_word' id='word_1_208' title='bbox 1167 3659 1217 3716; x_wconf 70' lang='grc' dir='ltr'>(ψ,</span> <span class='ocrx_word' id='word_1_209' title='bbox 1232 3647 1297 3714; x_wconf 74' lang='lat' dir='ltr'>cit,</span> 
     </span>
     <span class='ocr_line' id='line_1_29' title="bbox 234 3729 1299 3804; baseline -0.002 -16"><span class='ocrx_word' id='word_1_210' title='bbox 234 3749 266 3804; x_wconf 84' lang='lat' dir='ltr'>p.</span> <span class='ocrx_word' id='word_1_211' title='bbox 278 3731 331 3788; x_wconf 61' lang='lat' dir='ltr'><em>w</em></span> <span class='ocrx_word' id='word_1_212' title='bbox 342 3733 376 3788; x_wconf 82' lang='lat' dir='ltr'>et</span> <span class='ocrx_word' id='word_1_213' title='bbox 391 3730 461 3800; x_wconf 78' lang='lat'><strong>210;</strong></span> <span class='ocrx_word' id='word_1_214' title='bbox 476 3731 572 3798; x_wconf 70' lang='lat' dir='ltr'>Anba,</span> <span class='ocrx_word' id='word_1_215' title='bbox 586 3745 636 3798; x_wconf 78' lang='lat' dir='ltr'>op.</span> <span class='ocrx_word' id='word_1_216' title='bbox 650 3731 715 3797; x_wconf 66' lang='lat' dir='ltr'>cia,</span> <span class='ocrx_word' id='word_1_217' title='bbox 728 3746 755 3784; x_wconf 88' lang='lat' dir='ltr'>c.</span> <span class='ocrx_word' id='word_1_218' title='bbox 765 3743 796 3784; x_wconf 76' lang='lat' dir='ltr'>u.</span> <span class='ocrx_word' id='word_1_219' title='bbox 808 3729 852 3784; x_wconf 87' lang='lat' dir='ltr'>Cs.</span> <span class='ocrx_word' id='word_1_220' title='bbox 866 3731 983 3785; x_wconf 72' lang='lat' dir='ltr'>vanna</span> <span class='ocrx_word' id='word_1_221' title='bbox 997 3733 1037 3785; x_wconf 77' lang='lat' dir='ltr'>de</span> <span class='ocrx_word' id='word_1_222' title='bbox 1049 3731 1156 3786; x_wconf 73' lang='lat' dir='ltr'>Plinio</span> <span class='ocrx_word' id='word_1_223' title='bbox 1165 3731 1299 3798; x_wconf 69' lang='lat' dir='ltr'>sunem</span> 
     </span>
     <span class='ocr_line' id='line_1_30' title="bbox 234 3815 1296 3886; baseline -0.003 -13"><span class='ocrx_word' id='word_1_224' title='bbox 234 3823 266 3873; x_wconf 81' lang='lat' dir='ltr'>et</span> <span class='ocrx_word' id='word_1_225' title='bbox 279 3821 471 3886; x_wconf 78' lang='lat' dir='ltr'>imperatore</span> <span class='ocrx_word' id='word_1_226' title='bbox 489 3817 628 3882; x_wconf 80' lang='lat' dir='ltr'>Trojano</span> <span class='ocrx_word' id='word_1_227' title='bbox 648 3819 736 3883; x_wconf 75' lang='lat' dir='ltr'>apud</span> <span class='ocrx_word' id='word_1_228' title='bbox 756 3815 1067 3872; x_wconf 59' lang='lat' dir='ltr'>Christianamlmt.</span> <span class='ocrx_word' id='word_1_229' title='bbox 1086 3815 1197 3872; x_wconf 75' lang='lat' dir='ltr'>Paria.</span> <span class='ocrx_word' id='word_1_230' title='bbox 1220 3815 1296 3879; x_wconf 58' lang='lat' dir='ltr'>lats,</span> 
     </span>
    </p>

    <p class='ocr_par' dir='ltr' id='par_1_9' title="bbox 269 3985 651 4054">
     <span class='ocr_line' id='line_1_31' title="bbox 269 3985 651 4054; baseline -0.008 -12"><span class='ocrx_word' id='word_1_231' title='bbox 269 3987 298 4044; x_wconf 81' lang='lat'>2.</span> <span class='ocrx_word' id='word_1_232' title='bbox 316 3987 363 4042; x_wconf 82' lang='lat' dir='ltr'>cs.</span> <span class='ocrx_word' id='word_1_233' title='bbox 377 3986 505 4042; x_wconf 84' lang='lat' dir='ltr'>Tertull.</span> <span class='ocrx_word' id='word_1_234' title='bbox 520 3987 608 4054; x_wconf 74' lang='lat' dir='ltr'>Apol.</span> <span class='ocrx_word' id='word_1_235' title='bbox 623 3985 651 4041; x_wconf 77' lang='lat'>³.</span> 
     </span>
    </p>

    <p class='ocr_par' dir='ltr' id='par_1_10' title="bbox 236 4068 1294 4225">
     <span class='ocr_line' id='line_1_32' title="bbox 269 4068 1294 4143; baseline -0.002 -15"><span class='ocrx_word' id='word_1_236' title='bbox 269 4072 297 4128; x_wconf 80' lang='lat'>3.</span> <span class='ocrx_word' id='word_1_237' title='bbox 317 4072 402 4143; x_wconf 85' lang='lat' dir='ltr'>Sulp.</span> <span class='ocrx_word' id='word_1_238' title='bbox 420 4068 785 4138; x_wconf 72' lang='lat' dir='ltr'>Sev.Hirt.saa.1Ll5;</span> <span class='ocrx_word' id='word_1_239' title='bbox 807 4089 823 4122; x_wconf 74' lang='lat' dir='ltr'>r</span> <span class='ocrx_word' id='word_1_240' title='bbox 839 4069 947 4126; x_wconf 72' lang='lat' dir='ltr'>Saevit-i</span> <span class='ocrx_word' id='word_1_241' title='bbox 969 4069 1000 4124; x_wconf 85' lang='lat' dir='ltr'>in</span> <span class='ocrx_word' id='word_1_242' title='bbox 1020 4085 1075 4125; x_wconf 56' lang='lat' dir='ltr'>aas</span> <span class='ocrx_word' id='word_1_243' title='bbox 1092 4070 1204 4126; x_wconf 73' lang='lat' dir='ltr'>vetuit,</span> <span class='ocrx_word' id='word_1_244' title='bbox 1221 4071 1294 4128; x_wconf 60' lang='lat' dir='ltr'>act,</span> 
     </span>
     <span class='ocr_line' id='line_1_33' title="bbox 236 4153 1064 4225; baseline -0.002 -13"><span class='ocrx_word' id='word_1_245' title='bbox 236 4158 411 4213; x_wconf 71' lang='lat' dir='ltr'>Melitenam</span> <span class='ocrx_word' id='word_1_246' title='bbox 425 4158 458 4212; x_wconf 88' lang='lat' dir='ltr'>in</span> <span class='ocrx_word' id='word_1_247' title='bbox 471 4158 643 4225; x_wconf 56' lang='lat' dir='ltr'>Apamia,-</span> <span class='ocrx_word' id='word_1_248' title='bbox 656 4155 765 4211; x_wconf 74' lang='lat' dir='ltr'>Enseu.</span> <span class='ocrx_word' id='word_1_249' title='bbox 778 4157 861 4211; x_wconf 72' lang='lat' dir='ltr'>uisa.</span> <span class='ocrx_word' id='word_1_250' title='bbox 876 4156 949 4211; x_wconf 57' lang='lat' dir='ltr'>eccl.</span> <span class='ocrx_word' id='word_1_251' title='bbox 962 4169 1006 4210; x_wconf 74' lang='lat' dir='ltr'>ru.</span> <span class='ocrx_word' id='word_1_252' title='bbox 1018 4153 1064 4210; x_wconf 69' lang='lat' dir='ltr'>at.</span> 
     </span>
    </p>

    <p class='ocr_par' dir='ltr' id='par_1_11' title="bbox 270 4241 1284 4313">
     <span class='ocr_line' id='line_1_34' title="bbox 270 4241 1284 4313; baseline -0.004 -15"><span class='ocrx_word' id='word_1_253' title='bbox 270 4243 296 4298; x_wconf 73' lang='lat' dir='ltr'>l.</span> <span class='ocrx_word' id='word_1_254' title='bbox 317 4243 415 4298; x_wconf 70' lang='lat' dir='ltr'>Multa</span> <span class='ocrx_word' id='word_1_255' title='bbox 427 4257 529 4312; x_wconf 59' lang='lat' dir='ltr'>graecu</span> <span class='ocrx_word' id='word_1_256' title='bbox 542 4243 694 4313; x_wconf 70' lang='lat' dir='ltr'>rescripta</span> <span class='ocrx_word' id='word_1_257' title='bbox 708 4243 787 4310; x_wconf 52' lang='lat' dir='ltr'>ejus,</span> <span class='ocrx_word' id='word_1_258' title='bbox 802 4242 923 4310; x_wconf 73' lang='lat' dir='ltr'>Titioue</span> <span class='ocrx_word' id='word_1_259' title='bbox 939 4241 1082 4296; x_wconf 65' lang='lat' dir='ltr'>,taranta</span> <span class='ocrx_word' id='word_1_260' title='bbox 1098 4249 1127 4296; x_wconf 57' lang='grc' dir='ltr'>ιε’,</span> <span class='ocrx_word' id='word_1_261' title='bbox 1141 4241 1247 4296; x_wconf 60' lang='lat' dir='ltr'>llari.</span> <span class='ocrx_word' id='word_1_262' title='bbox 1262 4255 1284 4294; x_wconf 68' lang='grc' dir='ltr'>,ι</span> 
     </span>
    </p>
   </div>
   <div class='ocr_carea' id='block_1_7' title="bbox 0 0 1568 4962">
    <p class='ocr_par' dir='ltr' id='par_1_12' title="bbox 0 0 1568 4962">
     <span class='ocr_line' id='line_1_35' title="bbox 0 0 1568 4962; baseline 0 0"><span class='ocrx_word' id='word_1_263' title='bbox 0 0 1568 4962; x_wconf 95' lang='lat' dir='ltr'> </span> 
     </span>
    </p>
   </div>
  </div>
 </body>
</html>
