3114 4958
278 394 321 460 38
691 408 778 458 runs
801 411 917 459 aaron.

278 535 414 604 berium
439 553 509 602 non
533 533 685 622 publicae
708 530 957 620 tranquillitati
983 533 1085 602 modo
1113 531 1336 620 providisse,

279 651 340 719 sed
356 651 401 718 ad
418 649 555 738 imperii
572 648 779 736 religionem
803 668 864 717 eos
887 647 1017 716 reverti
1033 667 1160 735 cogere
1183 647 1338 715 voluisse

277 767 442 854 probam.
458 768 507 832 Do
523 765 625 833 bellis
637 764 791 852 judaicis
803 785 871 833 non
887 764 944 832 hic
960 767 1057 832 locus
1077 769 1129 832 est
1144 762 1339 832 disserendi

277 879 314 947 in
336 881 463 967 quibus
489 879 622 946 nonde
646 878 819 964 religione
841 879 917 944 sola
937 880 1121 962 agebatur.
1139 877 1338 945 Domitiano

279 1001 395 1063 autern
413 995 621 1082 imperante,
636 993 680 1060 iis
695 993 908 1079 gravissima
922 993 1055 1061 tributa
1072 993 1203 1061 indicta
1219 1000 1300 1061 sunt
1310 997 1338 1062 ².

322 1110 509 1179 Notatione
529 1110 674 1197 dignum
691 1114 743 1178 est
758 1111 808 1198 (et
831 1111 896 1178 boc
912 1111 956 1178 ad
978 1111 1100 1178 melius
1120 1100 1340 1198 cognoscen-

278 1228 360 1295 dum
377 1226 459 1313 quid
472 1228 535 1294 sub
556 1225 739 1294 Antoninis
755 1228 914 1294 effectum
932 1225 1037 1294 luerit
1053 1246 1123 1294 non
1140 1227 1262 1294 inutile
1273 1223 1341 1315 est)

279 1345 353 1412 sere
381 1343 436 1410 his
466 1343 627 1410 omnibus
655 1342 794 1411 casibus
827 1342 860 1409 in
887 1344 990 1411 Italia
1021 1347 1170 1425 tantum,
1199 1363 1267 1410 non
1303 1344 1340 1410 in

279 1461 421 1530 Oriente
447 1465 570 1527 contra
591 1459 808 1527 Christianos
823 1461 879 1528 vel
897 1461 1037 1528 Judaeos
1057 1461 1341 1528 animadversum

280 1595 368 1644 esse.
397 1578 436 1642 In
463 1575 590 1642 ceteris
620 1574 816 1642 Occidentis
846 1575 1006 1662 partibus
1036 1579 1110 1643 tum
1144 1594 1342 1664 perpaucos

280 1691 491 1760 christianos
511 1691 685 1759 exstitisse
700 1692 884 1778 probabile
899 1699 962 1760 est.

325 1809 417 1897 Quid
442 1828 486 1876 ex
512 1809 575 1903 illa
601 1808 809 1876 brevissima
835 1809 1039 1878 narratione
1068 1811 1343 1878 concludemus?

280 1926 421 1994 Nullam
436 1927 568 2010 legem,
588 1926 719 1992 nullum
737 1927 904 2011 generale
918 1907 1086 2014 principis
1106 1927 1255 1994 edictum
1274 1927 1343 1994 ad-

282 2061 405 2112 versus
421 2040 656 2122 Christianos,
677 2041 769 2109 inter
791 2042 931 2109 ludaeos
954 2061 1049 2128 saepe
1069 2046 1341 2124 annumeratoS,

281 2162 316 2225 et
332 2178 353 2225 a
368 2157 528 2245 plurimis
541 2158 735 2244 despectos,
754 2157 872 2225 fuisse.
892 2159 958 2226 Sed
974 2164 1079 2245 prout
1094 2158 1240 2246 quisque
1252 2157 1344 2245 prin-

282 2293 365 2362 ceps
383 2275 428 2341 ad
445 2274 747 2341 mansuetudinem
764 2274 820 2341 vel
838 2269 1012 2342 saevitiam
1029 2290 1161 2360 pronus
1174 2279 1266 2356 erat,
1283 2293 1345 2343 eos

284 2398 345 2458 aut
361 2390 613 2466 insectabatur,
633 2393 695 2456 aut
711 2390 895 2458 omittebat
912 2411 919 2455 :
938 2387 1029 2476 quod
1047 2395 1081 2458 et
1098 2410 1185 2476 erga
1204 2393 1345 2460 ‚ludaeos

282 2525 476 2591 magosque
495 2512 529 2573 et
553 2507 753 2592 astrologos
776 2510 811 2576 et
833 2508 922 2574 alios
949 2505 1104 2594 ejusdem
1122 2508 1262 2594 generis
1278 2509 1345 2575 bo-

261 2702 263 2707 ,
284 2623 395 2690 mines
409 2623 528 2690 fiebat.
550 2625 616 2689 Eos
635 2627 752 2690 autem
776 2641 855 2690 cnm
871 2622 1035 2710 princeps
1055 2629 1221 2707 vexaret,
1241 2624 1345 2693 modo

284 2740 454 2807 scelerum
471 2738 611 2807 omnino
628 2759 649 2806 a
664 2738 836 2825 religione
853 2738 1126 2826 discrepantium
1141 2738 1343 2818 incusabat,

284 2856 386 2923 modo
405 2856 448 2922 ob
464 2853 577 2941 ipsam
593 2854 801 2940 religionem
815 2855 1039 2940 exagitabat3
1060 2876 1186 2944 neque,
1206 2862 1244 2924 ut
1263 2877 1346 2925 mox

285 2971 472 3053 videbitur,
498 2971 683 3038 criminum
706 2972 799 3039 tituli
822 2972 981 3055 deerant,
1010 2979 1048 3041 ut
1071 2974 1344 3056 damnarentur3

285 3087 484 3175 inutraque
503 3082 599 3168 casu,
620 3106 679 3156 eos
703 3093 840 3157 tantum
858 3091 979 3156 Romae
994 3089 1047 3156 vel
1066 3089 1103 3156 in
1121 3089 1225 3157 ltalia
1240 3081 1367 3178 pros-⁴

285 3203 420 3273 cribere
450 3201 536 3272 satis
564 3203 756 3272 habebant.
776 3197 956 3272 Praeterea
981 3203 1085 3272 laoile
1109 3205 1282 3274 credimus
1309 3207 1346 3273 in

286 3317 475 3406 provinciis
498 3317 668 3406 praesides
696 3323 731 3386 et
755 3317 937 3387 civitatum
964 3319 1193 3405 magistratus
1217 3322 1348 3409 saepius

287 3435 329 3503 de
359 3434 567 3503 Christianis
598 3435 825 3523 cognovisse,
854 3435 910 3505 ubi
945 3435 1106 3525 publicus
1135 3457 1256 3506 rumor
1286 3458 1348 3506 eos

287 3551 439 3620 maxime
458 3553 761 3638 persequereturi.
1208 3545 1210 3551 ’

324 3760 349 3814 l.
369 3757 513 3816 Attamen
527 3760 788 3829 buhele-(lueban,
806 3777 854 3830 op.
871 3764 935 3832 cit,
946 3777 976 3834 p.
990 3760 1051 3830 lot,
1068 3763 1181 3818 Tiberii
1199 3763 1230 3818 in
1242 3776 1348 3818 omues

287 3845 454 3915 religiones
469 3846 703 3916 benignitatem,
718 3847 752 3904 ut
766 3847 895 3917 Claudii,
910 3848 949 3904 ad
964 3848 1071 3904 caelum
1084 3848 1217 3905 extollit:

322 3929 348 3987 2.
371 3931 452 3988 Suet.
468 3932 582 3987 Domit.
599 3930 641 3987 li.

323 4015 350 4073 3.
371 4017 465 4080 Quam
480 4031 574 4087 supra
588 4016 783 4074 laudavimus
793 4017 890 4076 Taciti
902 4017 1088 4074 sententiam
1099 4034 1115 4072 «
1127 4019 1209 4075 bend
1221 4018 1348 4092 perinde

287 4101 318 4158 in
333 4102 460 4158 crimine
476 4103 608 4160 incendii
624 4118 716 4175 qnam
727 4103 796 4160 odio
808 4104 930 4172 generis
942 4105 1064 4160 humani
1081 4105 1214 4162 convicti
1226 4122 1241 4160 »
1252 4105 1347 4174 signi·

288 4187 361 4244 ficat
375 4204 391 4241 «
405 4187 486 4258 quod
506 4187 639 4244 humano
655 4188 759 4256 generi
778 4188 846 4244 odio
862 4189 961 4244 erant.
979 4205 995 4243 »
1007 4189 1075 4246 vid.
1095 4191 1125 4246 0.
1142 4188 1179 4245 de
1195 4189 1225 4246 la
1240 4191 1346 4260 Berge,

289 4273 386 4329 Escae·
400 4288 457 4328 aur
477 4273 505 4328 le
523 4271 619 4342 rogae
637 4275 675 4329 ote
696 4274 826 4343 Trajan,
846 4288 876 4344 p.
894 4271 956 4342 207,
978 4287 1007 4329 n.
1030 4272 1055 4329 2.
1075 4303 1110 4314 —
1125 4274 1350 4332 Christianosa
