3128 4962
555 423 598 470 on
620 423 706 472 suns
728 422 885 472 rusmco.
1206 400 1246 469 51

193 563 355 614 essenon
371 545 511 614 omnino
528 545 702 628 videntur,
715 546 776 614 sed
795 545 1002 632 quicumque
1020 550 1146 634 postca
1161 563 1249 614 con-

194 661 324 730 secrati
347 665 427 730 sunt
451 662 701 749 imperatores,
733 679 854 730 eorum
881 680 985 730 sacra
1014 681 1138 731 curare
1159 660 1250 749 Jussi

195 784 277 845 sunt
292 777 519 846 Antoniniani
535 778 586 847 ita
601 782 639 846 ut
653 797 745 846 nova
761 779 972 863 cognomina
989 797 1033 846 ex
1047 777 1250 847 nominibus

194 911 365 961 novorum
382 891 542 961 divorum
559 896 674 960 tracta
694 893 906 980 acciperent.
926 892 982 960 Sic
996 894 1037 961 D.
1055 895 1186 963 Verum
1203 893 1250 961 ab

194 1007 443 1076 Antoninianis
459 1009 588 1077 cultum
605 1027 681 1077 esse
696 1012 820 1078 narrat
837 1009 1071 1096 Capitolinus,
1087 1029 1118 1078 c.
1138 1010 1211 1078 151.
1230 1035 1247 1073 »

240 1126 411 1194 Faustina
433 1145 571 1214 quoque
594 1127 630 1194 in
652 1145 834 1195 numerum
854 1126 999 1194 dearum
1022 1125 1195 1207 adscita²;
1217 1130 1252 1195 et

195 1244 335 1310 Marcus
351 1241 426 1329 ipse
442 1233 605 1310 nimirum
620 1245 844 1310 consecratus
861 1247 932 1325 est,
951 1243 1114 1331 apudque
1132 1262 1251 1331 popu-

195 1358 270 1425 lum
292 1357 461 1425 memoria
484 1358 723 1434 etveneratio
740 1358 816 1445 ejus
835 1362 981 1446 propter
1003 1359 1173 1426 beneficia
1192 1360 1251 1428 diu

197 1473 364 1543 exstitere
386 1495 394 1540 :
414 1475 487 1542 dati
505 1473 537 1574 ei
553 1475 754 1543 sacerdotes
772 1473 1001 1544 Antoniniani
1024 1478 1058 1543 et
1077 1475 1250 1544 sodalest

219 1807 239 1890 ξ
264 1804 297 1872 6.
318 1840 360 1854 -
380 1807 431 1872 De
453 1824 496 1872 re
518 1805 736 1872 nummario
751 1809 787 1872 et
805 1806 851 1871 dc
869 1804 1044 1888 impensis
1063 1805 1229 1889 imperii.
1307 1835 1309 1840 ·

599 1921 652 1988 De
673 1921 849 1988 odoribus,

245 2183 331 2258 Quae
360 2181 474 2248 adhue
497 2201 519 2248 a
543 2183 667 2248 Marco
688 2180 862 2248 Antonino
890 2181 985 2248 facta
1010 2182 1251 2269 exposuimus,

94 2324 98 2332 ·
199 2297 342 2366 minime
358 2297 514 2366 libertati
530 2296 703 2384 profuisse
720 2296 899 2380 videntur,
917 2298 1077 2384 quamvis
1092 2300 1255 2386 exempla

200 2413 314 2501 patris
333 2416 368 2482 et
384 2413 442 2480 avi
459 2401 636 2500 piraeoipue
656 2414 793 2480 secutus
814 2411 860 2479 sit
878 2433 887 2478 z
906 2430 1001 2499 saepe
1021 2414 1112 2481 enim
1134 2416 1254 2502 potcs-
1285 2455 1290 2466 ·

200 2532 308 2596 tatem
328 2529 496 2617 principis
513 2528 674 2616 princeps
691 2527 843 2614 optimus
860 2547 991 2614 augere
1007 2532 1153 2597 conatus
1174 2534 1227 2599 est
1243 2551 1258 2597 :-

200 2644 295 2732 quod
311 2663 448 2732 semper
465 2644 715 2732 periculosum
735 2662 817 2712 nam
831 2642 1064 2731 imperatores
1081 2649 1116 2714 et
1131 2646 1254 2734 optimi

199 2760 368 2828 mortales
383 2764 481 2843 sunt,
505 2763 661 2848 potestas
679 2778 764 2827 vero
781 2777 917 2826 summa
933 2777 1054 2829 eorum
1075 2778 1255 2832 successo-

198 2873 298 2944 ribus
315 2878 350 2944 et
365 2875 525 2964 pessimis
540 2877 762 2946 transfertur.

245 2993 345 3060 Nunc
363 2993 536 3078 quomodo
553 2995 654 3060 tanta
669 2995 843 3080 potestate
864 3012 946 3060 usus
967 2993 1030 3077 sit,
1054 2993 1253 3074 videamusr

201 3111 343 3192 gratum
366 3126 451 3176 sane
472 3127 579 3195 opus;
601 3111 735 3193 quanta
753 3107 844 3177 enim
864 3107 939 3196 ejus
959 3109 1153 3179 moderatio
1175 3110 1253 3193 fuit,

201 3226 334 3310 quanta
357 3223 394 3290 in
419 3221 671 3310 rempublicam
695 3223 855 3292 ofiloiosa
874 3222 1059 3308 diligentia
1082 3226 1118 3292 et
1140 3225 1255 3312 aequi-

201 3337 286 3406 tatis
300 3342 403 3406 curat
423 3340 452 3406 A
468 3358 507 3406 re
521 3337 720 3407 nummaria
732 3337 948 3426 incipiemus,
967 3357 1046 3425 quae
1063 3358 1202 3427 semper
1219 3340 1256 3408 in

201 3451 359 3540 imperiis
373 3453 537 3539 regendis
549 3453 694 3521 maximi
709 3453 875 3521 momenti
891 3453 969 3536 suit,
982 3454 1179 3542 praesertim
1196 3455 1262 3522 ubi

202 3587 291 3636 unus
311 3569 470 3657 publicas
491 3570 658 3658 pecunias
687 3590 751 3658 pro
780 3568 929 3638 arbitrio
958 3588 1021 3638 suo
1042 3569 1256 3657 profundere

201 3688 330 3772 potest.
1044 3712 1047 3717 ·

247 3805 365 3872 Multae
392 3801 560 3889 impensae
590 3803 654 3871 sub
679 3779 880 3888 principatu
909 3799 1119 3869 necessariae
1150 3801 1256 3872 factae

241 4101 265 4158 l.
285 4103 332 4158 ra.
345 4102 434 4168 rau„
446 4117 476 4174 p.
494 4099 537 4157 rs.

238 4186 264 4244 a.
286 4187 384 4259 aaut.
400 4188 441 4242 m.
457 4188 526 4242 Am.
542 4187 637 4253 narn,
651 4183 695 4243 uo.

239 4271 266 4329 a.
286 4273 332 4329 ra.
348 4272 434 4339 rue„
449 4269 492 4329 le.
