3128 4962
684 393 770 442 PARS
793 394 992 444 Posnnslon.

628 732 659 787 0.
680 732 721 785 De
741 730 823 787 stetu
844 729 1054 799 ingenuorum.

352 995 530 1072 Ingenuus
558 990 740 1058 dicebatur
766 989 891 1075 isqui,
915 1009 993 1056 cum
1019 989 1108 1056 liber
1134 993 1237 1057 natus
1262 994 1368 1072 esset,

311 1125 490 1192 nunquam
513 1105 713 1173 libertatem
737 1105 915 1171 amiserat.
934 1105 1018 1170 Mihi
1040 1124 1107 1172 non
1125 1124 1213 1192 opus
1237 1111 1290 1173 est
1307 1125 1369 1172 re-

311 1224 404 1290 ferre
439 1221 562 1307 quanti
593 1219 777 1288 interesset
808 1220 1037 1306 ingenuitatis
1071 1219 1247 1307 probatio.
1284 1221 1369 1287 Inde

309 1336 528 1425 publicorum
557 1336 867 1403 instrumentorum
894 1335 1027 1403 utilitas
1055 1355 1119 1422 per
1147 1356 1225 1422 quae
1253 1336 1368 1404 homi-

310 1473 392 1522 num
415 1456 529 1521 status
550 1452 674 1520 melius
690 1454 900 1538 probaretur
922 1472 1027 1538 quam
1050 1471 1113 1539 per
1134 1452 1275 1519 testium
1293 1470 1371 1519 me-

310 1568 472 1637 moriam.
500 1570 584 1638 Cum
608 1568 808 1655 respublica
830 1568 984 1653 vigeret,
1014 1587 1176 1636 censores
1203 1591 1220 1630 ‹<
1246 1566 1370 1654 populi

311 1685 483 1768 cavitates,
497 1685 636 1752 soboles
652 1684 873 1770 familiasque
887 1687 1076 1751 censebant
1088 1687 1094 1729 ¹
1108 1709 1140 1751 ».
1159 1685 1229 1750 Sub
1245 1683 1370 1770 primis

311 1800 510 1870 Caesaribus
526 1801 737 1868 credendum
757 1807 810 1866 est
826 1801 871 1867 ad
892 1799 1125 1886 ingenuorum
1145 1800 1274 1867 liberos
1291 1799 1371 1866 ins-

310 1917 495 1986 cribendos
512 1916 670 2004 publicas
690 1916 829 1983 tabulas
847 1916 989 1983 fuissel.
1015 1919 1153 1983 Marcus
1173 1916 1371 1984 Antoninus

311 2052 389 2102 cum
413 2032 668 2121 frequentiores
689 2031 767 2099 lites
784 2032 826 2099 de
846 2037 939 2100 statu
956 2051 1186 2119 personarum
1208 2051 1226 2100 e
1243 2051 1372 2099 manu-

305 2148 536 2231 missionibus
559 2149 751 2215 innumeris
773 2147 929 2234 qnotidie
952 2154 1190 2229 nascerentur,
1215 2167 1371 2234 genera-

312 2265 378 2332 lem
404 2265 519 2350 legem
547 2262 682 2330 edidit:
712 2287 728 2325 «
746 2263 926 2332 Liberales
942 2283 1068 2331 causas
1088 2264 1139 2332 ita
1162 2264 1311 2330 munivit
1335 2269 1373 2332 ut

311 2379 446 2466 primus
465 2378 608 2465 juberet
629 2381 725 2466 apud
741 2381 928 2467 praefectos
944 2381 1064 2447 aerarii
1083 2380 1224 2448 Saturni
1238 2400 1371 2447 unum-

312 2513 485 2582 quemque
504 2495 632 2561 civium
657 2498 759 2562 natos
779 2496 908 2563 liberos
927 2496 1098 2583 profiteri,
1122 2496 1216 2564 intra
1232 2497 1374 2565 tricesi-

313 2630 405 2678 mum
427 2609 521 2678 diem
547 2610 686 2679 nomine
706 2611 886 2698 imposito.
910 2615 978 2679 Per
1002 2611 1204 2698 provincias
1226 2614 1372 2681 tabula-

212 2803 215 2810 ,
313 2727 444 2794 riorum
465 2725 684 2814 publicorum
708 2747 806 2795 usum
828 2727 980 2795 instituit
1002 2728 1098 2815 apud
1115 2747 1201 2813 quos
1218 2727 1310 2796 idem
1328 2732 1373 2798 de

313 2843 509 2928 originibus
527 2843 628 2910 fieret
644 2845 736 2928 quod
759 2847 880 2911 Romae
903 2845 997 2930 apud
1019 2844 1204 2930 praefectos
1220 2845 1342 2912 aerarii
1361 2866 1370 2910 :

315 2962 352 3026 ut
367 2959 396 3025 si
412 2959 502 3026 forte
521 2957 648 3044 aliquis
663 2958 699 3026 in
712 2958 895 3045 provincia
911 2963 1014 3052 natus
1030 2978 1171 3026 causam
1189 2959 1374 3028 liberalem

314 3074 460 3158 diceret,
482 3075 688 3144 testationes
708 3075 788 3144 inde
809 3077 934 3154 ferret,
954 3083 1058 3163 atque
1080 3078 1170 3143 hanc
1192 3079 1302 3143 totam
1321 3078 1375 3144 le-

314 3210 394 3276 gem
419 3192 462 3259 de
484 3193 747 3260 assertionibus
767 3191 956 3258 firmaviti.
974 3216 991 3254 »
1016 3193 1176 3260 Ceterum
1199 3191 1271 3259 alia
1288 3212 1376 3279 pro-

346 3466 366 3512 1.
390 3465 449 3524 Cic,
460 3463 491 3512 de
502 3463 604 3527 apibus,
617 3464 666 3513 III.

390 3541 456 3589 Add.
469 3539 543 3588 Ovid.
556 3540 584 3587 in
598 3541 663 3589 Arta
675 3546 756 3590 amat.
769 3558 778 3590 :

391 3617 444 3664 Nec
455 3619 547 3678 quotus
558 3631 642 3665 annus
652 3621 702 3677 eat,
714 3632 762 3667 nec
774 3632 824 3679 quo
837 3617 871 3665 sit
882 3621 945 3667 nata
956 3619 1057 3680 require

392 3692 514 3750 Consule3
530 3707 587 3753 quae
599 3693 697 3754 rigidus
709 3709 817 3742 munera
828 3709 919 3743 censor
930 3696 1016 3744 habet.

345 3799 367 3845 2.
392 3833 431 3845 .....
448 3796 533 3844 Libris
544 3800 659 3860 actorum
673 3809 793 3859 spargere
811 3799 909 3858 gaudes

391 3877 552 3937 Argumenta
564 3874 621 3922 viri.
1053 3876 1121 3924 Juv..
1134 3875 1189 3924 Sat.
1202 3875 1249 3924 IX.

350 3989 376 4046 3.
396 3988 536 4062 Capitol,
553 3991 591 4045 M.
608 3993 678 4046 Ant.
700 3993 781 4047 Patr.
798 3990 824 4046 9.
848 3991 958 4047 Hiceta
980 3994 1203 4049 assertionibus
1223 3993 1377 4049 libertatis

315 4073 430 4144 agitur.
446 4074 490 4130 Cf.
506 4076 599 4131 Vatis.
615 4078 745 4145 Fruam.
765 4075 831 4132 168:
849 4093 864 4129 «
876 4075 944 4131 Divi
961 4078 1082 4133 Marcus
1102 4078 1133 4134 et
1156 4078 1263 4134 Lucius
1277 4080 1375 4149 Apro-

316 4159 367 4216 nio
383 4160 547 4216 Saturnino
562 4160 608 4216 ita
627 4161 877 4232 rescripserunt:
901 4162 934 4216 su·
956 4163 1169 4219 instrumentis
1182 4165 1298 4234 probas
1315 4165 1376 4220 ba·

317 4248 388 4304 bare
401 4247 539 4314 tejastas
553 4252 615 4303 tres
630 4249 751 4315 liberos,
766 4248 824 4304 etc.
840 4265 856 4304 s>
