3114 4958
601 377 644 424 oe
666 377 760 426 eursuw
775 377 932 428 ruemoo.
1255 357 1299 427 29
1394 369 1398 374 '
1506 389 1510 396 ·

239 503 352 568 tatum
374 503 511 568 veteres
527 499 756 599 magistratus
775 499 1093 588 potestatesensim
1111 499 1298 588 privaren-

238 621 309 700 tur,
335 634 472 702 semper
496 615 633 703 majora
654 615 698 683 iis
720 634 830 684 onera
856 615 1124 697 incumbebant;
1154 636 1298 705 eaquae

239 731 382 814 fuerint,
409 751 488 798 mox
516 731 819 811 enumerabimus;
848 731 1060 816 gravissima
1082 731 1188 799 luisse
1211 751 1298 819 pro-

237 849 323 914 bare
339 847 542 915 facillimum
557 852 622 915 est.
635 850 712 915 Jam
727 849 791 914 sub
807 847 960 934 Trajauo
977 849 1148 935 quosdam
1164 847 1295 916 invitos

238 963 445 1031 decuriones
468 964 580 1030 factos
598 965 768 1030 constatl.
795 965 864 1031 Sub
891 966 1008 1031 Marco
1030 965 1205 1032 Antonino
1231 967 1298 1033 ho·
1388 1027 1390 1033 .

239 1097 341 1146 nores
361 1098 383 1146 a
401 1079 561 1165 plurimis
583 1077 734 1146 evitatus
755 1078 849 1147 haud
866 1078 1022 1163 dubium,
1046 1100 1124 1148 cum
1144 1085 1196 1149 tot
1218 1099 1296 1149 res-

237 1194 352 1280 cripta
374 1195 535 1279 legamus
552 1195 597 1263 ad
613 1194 790 1279 cogendos
810 1202 1012 1264 recusantes
1032 1196 1296 1264 decurionatum

236 1308 446 1396 susciperea.
477 1313 624 1377 Frustra
646 1309 681 1375 in
711 1309 795 1376 'illos
825 1310 1028 1396 personalia
1050 1311 1241 1398 privilegia
1263 1315 1297 1380 et

236 1423 330 1492 tituli
345 1425 646 1492 cumulabantur³.

280 1542 329 1607 De
348 1539 430 1626 jure
447 1539 652 1627 municipali
669 1539 896 1624 decisionum,
915 1559 1003 1628 quas
1018 1560 1041 1609 a
1059 1544 1176 1611 Marco
1194 1541 1296 1611 datas

235 1655 272 1722 in
300 1657 452 1743 Corpore
479 1656 573 1722 luris
604 1655 811 1740 invenimus,
837 1676 1013 1741 numerus,
1043 1677 1148 1745 quam
1175 1659 1295 1726 multae

235 1771 461 1840 difficultates
483 1790 527 1840 ex
552 1790 593 1839 eo
611 1771 688 1859 jam
711 1772 907 1855 orirentur,
930 1773 1179 1842 demonstrate.

234 2019 364 2076 marked
386 2035 426 2076 an
444 2020 506 2075 evil
525 2019 653 2088 change.
673 2021 735 2076 The
756 2021 910 2090 brightest
930 2020 1050 2078 feature
1068 2023 1099 2078 in
1119 2023 1173 2078 the
1194 2025 1293 2079 whole

235 2108 352 2162 Roman
365 2108 481 2176 system
497 2104 585 2160 fades
596 2105 699 2160 before
715 2121 760 2175 us,
774 2120 809 2162 as
820 2121 867 2161 we
881 2121 931 2162 see
946 2108 999 2162 the
1013 2109 1217 2176 government
1227 2109 1292 2165 oill-

234 2191 295 2247 cial
309 2191 420 2259 taking
430 2190 596 2252 theduties
611 2190 671 2246 and
684 2191 736 2245 the
751 2191 1008 2262 responsibilities
1019 2192 1073 2248 out
1084 2193 1118 2248 oi
1129 2195 1182 2249 the
1196 2195 1293 2252 hands

234 2277 269 2330 ot
277 2276 329 2330 the
343 2275 508 2347 municipal
522 2277 757 2344 magistrates...
769 2292 784 2328 »
797 2275 923 2346 Arnold,
936 2279 991 2332 loc.
1006 2278 1057 2332 cit.
1075 2307 1105 2318 -
1117 2279 1182 2332 Non
1193 2281 1291 2336 omnis

234 2358 325 2430 culpa
350 2359 382 2414 in
408 2361 611 2429 imperatores
636 2358 746 2415 recidit
771 2377 777 2414 :
803 2363 977 2430 ἀναγκάζουσιν
1002 2361 1097 2431 μᾶλλον
1120 2363 1135 2430 ἢ
1155 2359 1292 2433 podium.

232 2446 349 2505 δεσπότας
363 2439 422 2495 εἶναι
434 2465 488 2504 τους
497 2446 629 2514 ηγεμόνους
643 2444 809 2511 (Plutarch.
824 2446 925 2500 Pl'oec.
941 2447 1046 2518 Polil,
1062 2444 1116 2514 19).

272 2528 297 2583 l.
318 2529 399 2598 Trai.
414 2527 453 2584 ad
465 2528 543 2585 Plin.
556 2557 591 2569 -
601 2529 678 2585 Plin.
692 2530 791 2597 Epist.
808 2543 836 2598 x,
856 2529 915 2586 111.

270 2611 296 2670 1.
318 2615 350 2668 L.
364 2613 407 2682 11,
423 2613 461 2678 Sl
477 2613 545 2681 111,
562 2616 609 2684 11,,
623 2617 662 2669 de
676 2615 866 2682 Muneribus,
882 2612 927 2686 50,
939 2613 973 2685 1;
986 2614 1006 2670 l.
1022 2613 1049 2686 6,
1062 2619 1129 2672 eod.
1148 2618 1199 2686 uu
1215 2615 1291 2687 1.13,

233 2695 261 2768 1,
276 2697 304 2767 3,
320 2697 346 2768 1,
362 2701 399 2752 de
413 2701 496 2767 Dec,
511 2696 556 2769 50,
572 2697 599 2754 1.
616 2714 631 2752 «
647 2698 773 2769 Spurius
790 2712 881 2769 posse
901 2699 932 2754 in
948 2698 1086 2756 ordinem
1102 2700 1195 2770 allegi
1209 2701 1294 2757 nulla

235 2782 389 2838 dubitatio
404 2785 452 2838 est
468 2801 474 2838 :
492 2781 546 2838 sed
560 2783 586 2839 si
601 2782 716 2838 haheat
730 2784 962 2855 competitorem
976 2783 1114 2852 legitime
1129 2786 1292 2854 quaesitum

234 2865 375 2937 praeterri
394 2879 464 2920 eum
484 2871 628 2936 oportere
641 2865 708 2921 Divi
729 2867 853 2922 Fratres
876 2865 1012 2921 Lolliano
1027 2866 1118 2921 Avito
1140 2867 1292 2936 Bithyniae

130 2977 133 2982 ·
233 2950 358 3021 praesidi
378 2952 613 3022 rescripserunt.
628 2950 825 3006 cessantibus
840 2965 914 3006 vero
938 2950 996 3020 his,
1018 2951 1114 3006 etiam
1135 2951 1232 3022 spurii
1254 2949 1293 3006 ad

234 3035 478 3105 decurionatum,
494 3036 526 3091 et
539 3049 572 3090 re
587 3035 700 3091 etrite
714 3035 853 3104 honesta,
870 3035 1058 3107 recipientur
1074 3053 1080 3092 ι
1094 3038 1174 3106 quod
1187 3037 1292 3108 utique

234 3135 296 3175 uon
312 3123 401 3176 sordi
420 3122 481 3175 erit
497 3122 616 3186 ordini,
630 3135 703 3176 cum
717 3135 758 3175 etc
772 3122 906 3176 utilitate
920 3122 989 3186 ejus
1007 3121 1049 3174 stt
1063 3134 1186 3189 semper
1201 3122 1290 3177 ordi-

234 3221 306 3261 uem
317 3207 451 3275 plenum
469 3208 591 3262 babere.
611 3223 628 3260 ›>
642 3207 673 3261 L.
691 3205 722 3275 3,
739 3203 752 3270 S
774 3203 805 3274 1,
821 3209 860 3261 de
874 3208 985 3262 Decur.
1001 3205 1044 3260 Cf.
1061 3205 1188 3262 Aristid.
1203 3208 1290 3262 Sucr.

233 3303 329 3344 serm.
341 3303 383 3345 iv.
396 3290 483 3360 Apul.
498 3291 623 3345 Metam.
638 3303 679 3344 iv.
695 3291 889 3360 «Chryseros
905 3290 1129 3345 nummularius
1142 3291 1193 3360 qui
1209 3293 1292 3346 metu
1363 3322 1368 3331 ·

234 3374 404 3430 officiorum
414 3381 447 3430 et
458 3389 619 3430 munerum
633 3375 824 3446 publicorum
839 3387 1000 3446 opessuas
1012 3375 1261 3432 dissimulabat...
1274 3393 1290 3428 >›

233 3460 301 3514 Vid.
315 3461 419 3516 etiam.
435 3461 467 3515 L.
483 3460 528 3528 38,
544 3463 592 3515 Au
605 3461 723 3514 munte.
738 3457 783 3528 50,
802 3459 825 3514 l.
842 3477 858 3512 ‹<
873 3461 947 3530 lmp.
962 3461 1134 3516 Antoninus
1148 3473 1180 3514 et
1194 3461 1292 3516 Verus

232 3546 457 3616 rescripserunt
479 3559 538 3600 non
562 3546 662 3600 minus
684 3559 736 3599 ecs
759 3545 810 3613 qui
831 3547 983 3612 consputa·
1004 3547 1193 3615 mopistrutu
1212 3546 1289 3612 fuu-

144 3665 151 3683 .
232 3635 360 3701 quatur,
386 3643 496 3685 cavere
524 3629 635 3686 debere
665 3644 756 3699 quam
781 3629 832 3699 qui
856 3635 965 3700 sponte
993 3631 1127 3685 osticium
1153 3642 1288 3699 agnove-

232 3723 315 3772 runt.
328 3732 344 3769 »

267 3801 295 3858 3.
314 3802 346 3856 L.
360 3798 386 3870 6,
403 3799 416 3864 S
432 3799 458 3870 1,
472 3803 517 3871 Ι),
529 3804 567 3856 ue
585 3801 763 3855 interdictis
781 3805 809 3856 et
827 3800 987 3870 retegatis,
1003 3798 1142 3873 18,11;1.
1158 3800 1200 3869 ll,
1216 3801 1286 3857 cod.

231 3887 321 3954 Just,
336 3889 374 3942 de
391 3888 624 3955 Quoesticutbus,
639 3883 667 3955 9,
684 3885 727 3942 11.
890 3877 892 3882 ’
1044 3949 1049 3959 .

267 3970 293 4028 1.
315 3973 344 4026 L.
361 3973 389 4041 8,
406 3970 448 4038 11,
467 3972 516 4042 dd,
538 3973 583 4041 11,,
606 3974 649 4027 ud
668 3971 782 4026 hiante.
805 3966 851 4040 50,
869 3969 897 4042 l;
921 3970 940 4026 l.
956 3968 983 4038 9,
999 3974 1037 4026 de
1056 3973 1147 4026 num.
1170 3985 1288 4027 rerum.

231 4054 276 4124 50,
291 4058 326 4125 83
342 4056 362 4112 l.
380 4055 405 4126 1,
420 4056 490 4111 cod.
506 4057 583 4111 Just.
598 4059 636 4110 de
651 4057 709 4110 His
723 4056 776 4124 qui
794 4069 835 4109 eac
848 4055 967 4123 officio.
986 4054 1027 4124 ll,
1042 4054 1091 4123 311,
1114 4054 1135 4110 1.
1150 4051 1177 4124 6,
1193 4055 1238 4123 11,,
1253 4057 1291 4110 dc

233 4143 379 4211 Operibus
396 4143 543 4211 publicis,
566 4139 611 4210 50,
638 4139 684 4213 lll3
709 4139 729 4196 l.
756 4140 799 4209 13,
822 4142 868 4210 h,
890 4143 928 4194 cle
950 4141 1083 4209 Pollicit,
1098 4137 1142 4204 51),
1164 4137 1288 4194 11111111.

232 4227 264 4282 L.
278 4225 323 4297 37,
339 4225 352 4292 S
366 4225 393 4297 1,
409 4227 455 4296 11,,
471 4227 519 4282 Act
532 4227 654 4296 munim
670 4225 690 4282 l.
706 4223 733 4296 θ,
748 4223 761 4290 S
776 4224 801 4296 1,
816 4227 854 4280 de
869 4226 953 4281 Mun.
969 4223 1014 4294 50,
1028 4224 1055 4280 1.

1344 4287 1357 4318 0
