3128 4962
558 423 601 468 nn
623 423 710 470 runc
734 424 852 470 crvrnr.
1192 409 1236 474 85

176 565 244 632 que
268 534 480 631 majoribus,
503 544 682 612 dedititios
704 565 741 614 se
763 546 909 615 divitum
931 546 1063 616 faciunt
1082 553 1117 617 et
1134 551 1237 637 quasi

176 663 211 730 in
231 661 291 749 jus
309 681 429 730 eorum
449 661 686 748 ditionemque
702 665 996 732 transcendunt...
1018 665 1106 733 lllud
1125 685 1237 752 grave

175 799 216 846 ac
236 780 467 865 peracerbum
487 779 651 864 estquod
674 781 740 846 bac
760 781 840 864 lege
863 780 955 846 tueri
981 800 1158 867 pauperes
1179 783 1255 870 vis

173 895 301 960 dentur
331 891 369 960 ul
396 893 566 980 spolient,
598 896 665 960 hac
687 894 767 978 lege
796 896 987 962 defendunt
1018 895 1165 964 miseros
1195 899 1233 964 ut

173 1009 375 1077 miseriores
392 1008 525 1076 faciant
544 1009 803 1076 defendendo...
823 1010 1106 1096 Proprietatibus
1126 1018 1232 1098 [pau-

171 1131 289 1213 peres]
308 1128 429 1191 carent
444 1128 479 1191 et
497 1123 729 1209 vectigalibus
747 1127 985 1192 obruuntur...
1004 1126 1126 1213 itaque
1143 1146 1233 1194 non-

171 1242 260 1309 nulli
281 1261 401 1310 eorum
420 1241 462 1308 de
482 1240 607 1326 ouibus
625 1240 819 1328 loquimur,
842 1241 901 1326 qui
922 1245 983 1308 aut
1002 1242 1235 1310 consultiores

170 1361 266 1439 sunt,
285 1360 347 1424 aut
364 1375 450 1442 quos
470 1357 646 1422 consultos
663 1355 855 1423 necessitas
873 1356 969 1437 facit,
988 1376 1065 1424 cum
1086 1359 1234 1425 domici-

170 1474 220 1541 lia
238 1477 342 1558 atque
360 1473 496 1557 agellos
513 1490 594 1537 suos
615 1475 675 1538 aut
695 1472 963 1557 pervasionibus
981 1475 1152 1559 perdunt,
1173 1480 1234 1543 aut

170 1590 287 1676 fugati
309 1591 354 1656 ab
372 1586 615 1668 exactoribus,
634 1588 719 1673 quia
737 1592 856 1656 tenere
877 1609 944 1657 non
963 1593 1128 1676 possunt,
1150 1592 1233 1658 sun-

169 1707 234 1774 dos
259 1704 433 1792 majorum
457 1707 644 1790 expetunt,
670 1709 704 1770 et
727 1707 847 1772 coloni
874 1706 1035 1772 dioitom
1060 1709 1189 1790 nonu.
1211 1733 1227 1769 »

168 1821 277 1890 Addit
300 1821 485 1888 Salvianus
510 1822 554 1886 ab
579 1820 623 1886 iis
639 1819 698 1906 jus
722 1820 896 1887 libertatis
915 1822 1042 1903 amitti,
1067 1823 1172 1907 quod,
1194 1827 1233 1890 ut

167 1956 279 2024 supra
308 1936 459 2004 diximus
486 1954 555 2002 non
582 1936 702 2002 stricto
728 1955 831 2003 sensu
862 1937 1131 2023 intelligendum
1158 1942 1229 2021 ost,

166 2052 300 2122 nemini
317 2052 408 2120 enim
427 2052 582 2137 ingenuo
603 2053 757 2138 seipsum
779 2054 940 2121 servituti
958 2054 1121 2122 addicere
1140 2055 1227 2123 lice·
1322 2051 1326 2058 ’

166 2171 242 2237 bat.

214 2287 284 2354 Sub
303 2289 421 2354 Marco
438 2285 613 2352 Antonino
637 2285 747 2371 igitur
768 2287 910 2353 colonos
934 2287 1109 2355 exstitisse
1125 2308 1230 2375 pares

163 2403 237 2469 illis
254 2420 340 2486 quos
357 2404 409 2468 tot
422 2405 546 2487 postea
566 2401 761 2487 principum
778 2402 911 2486 placita
919 2407 1011 2486 jupo
1030 2405 1226 2490 inquilina

163 2519 402 2602 subjectionis
426 2517 618 2585 submisere
640 2536 709 2584 non
733 2518 903 2585 affirmari
921 2522 1055 2606 potest;
1075 2521 1135 2588 sed
1152 2520 1229 2607 jam

165 2635 463 2720 err-quorumdam
484 2652 666 2706 servorum
691 2634 847 2715 meliore,
867 2636 1099 2719 quorumdam
1124 2635 1229 2721 inge-

166 2768 317 2817 nuorum
330 2749 516 2817 deteriore
533 2748 732 2816 conditione
750 2749 856 2830 facta,
880 2749 1030 2816 mediam
1053 2750 1228 2816 conditio-

167 2885 248 2935 nem
264 2885 345 2933 mox
362 2869 519 2932 orturam
537 2865 736 2952 praevidere
753 2865 856 2932 facile
873 2870 961 2933 erat.
982 2865 1040 2952 Cuj
1048 2885 1086 2932 us
1104 2865 1226 2933 condi-

165 2981 275 3050 tionis
310 2987 463 3048 ceterum
489 2980 627 3067 jamdiu
660 2981 822 3065 exempla
856 2981 1102 3048 exstiterant:
1134 2983 1229 3068 apud
1265 3027 1266 3032 κ

165 3101 326 3166 Lacones
350 3097 442 3164 enim
469 3097 574 3164 ilotas
600 3097 700 3182 quasi
732 3098 847 3182 glebae
875 3097 982 3164 fuisse
1007 3117 1127 3165 servos
1157 3117 1226 3165 non

164 3213 366 3298 ignoratur.
391 3215 536 3298 Jamque
557 3213 700 3279 barbari
719 3212 884 3281 debellati
909 3217 943 3280 et
965 3212 1000 3279 in
1027 3231 1144 3280 varias
1161 3212 1228 3305 im-

163 3327 255 3416 perii
268 3332 387 3413 partes
402 3327 565 3394 translati
581 3331 620 3394 ut
633 3347 745 3412 agros
758 3329 913 3394 colerent
928 3347 991 3395 nec
1003 3328 1096 3395 servi
1111 3331 1225 3410 erant,

163 3462 230 3510 nec
245 3443 352 3530 plena
369 3442 533 3510 libertate
550 3443 767 3510 fruebantur.

201 3694 226 3748 l.
246 3696 289 3747 De
303 3695 371 3762 pub.
386 3695 453 3758 Dei,
468 3693 494 3747 8.
512 3721 546 3731 —
562 3691 697 3747 Secundo
713 3693 783 3764 post
798 3694 849 3748 Cb.
863 3709 892 3748 n.
913 3693 1022 3748 saeculo
1045 3693 1099 3748 has
1122 3693 1220 3749 aSal-

162 3778 257 3832 riano
272 3776 449 3848 deploratas
463 3776 656 3832 calamitates
672 3778 738 3846 Jam
760 3777 924 3848 imperium
939 3777 1130 3847 oppressisse
1147 3791 1221 3833 sane

162 3877 224 3918 non
235 3861 401 3934 credimus;
418 3861 472 3918 sed
482 3876 575 3931 supra
584 3861 717 3918 vidimus
731 3862 827 3916 multo
839 3862 938 3918 minus
949 3876 1115 3932 prosperas
1127 3862 1223 3920 fuisse

162 3947 340 4020 provincias
355 3962 445 4018 quam
457 3947 545 4005 multi
561 3947 592 4003 et
605 3946 694 4001 bodie
709 3945 901 4006 existimant.
