3128 4962
290 389 333 458 58
701 406 787 456 rans
810 407 927 457 rama.

286 531 491 621 provinciis,
514 534 673 619 utsupra
690 529 853 614 diximus,
871 534 1011 600 vastato
1027 530 1227 618 pestilentia
1243 531 1344 616 orbe,

287 657 356 718 non
374 650 477 717 modo
493 666 613 717 servos
629 650 849 730 armaverat,
870 648 931 715 sed
953 647 1058 715 etiam
1075 649 1294 734 gladiatores
1311 653 1348 718 et

287 767 459 840 latronem
477 766 611 831 emerat
627 767 662 831 et
671 764 902 831 barbarorum
922 762 1057 831 auxilia
1072 767 1195 831 contra
1211 766 1347 832 barba-

287 899 346 948 ros
358 882 383 947 l.
403 882 523 967 Neque
539 897 691 965 unquam
711 877 818 945 armis
839 881 959 963 togam
980 879 1104 948 cedere
1121 897 1247 966 passus
1265 882 1343 960 est,

288 1013 400 1082 neque
413 993 551 1061 ltaliam
567 998 627 1060 aut
640 996 786 1060 Romam
802 994 895 1060 velut
906 992 1008 1060 Urbis
1023 993 1134 1080 ipsius
1148 994 1348 1062 debellator

288 1109 427 1196 ingredi
447 1108 557 1176 voluit
567 1111 594 1178 2.
612 1109 673 1176 Dio
687 1108 827 1176 Cassius
842 1109 950 1177 refert
966 1128 1044 1177 eum
1064 1114 1145 1197 post
1160 1109 1347 1178 victoriam

288 1225 475 1312 quamdam
497 1224 666 1292 militibus
689 1223 860 1311 majorem
879 1224 1105 1310 largitionem
1122 1245 1229 1312 quam
1255 1226 1347 1294 soli-

287 1345 360 1409 tam
381 1341 578 1428 petentibus
595 1340 796 1426 negavisse,
822 1341 1012 1424 dicentem,
1030 1341 1060 1408 si
1080 1342 1344 1426 concederetur,

286 1459 502 1543 sarmaticam
515 1461 715 1540 parentum
731 1461 765 1523 et
790 1459 1055 1540 proximorum
1071 1458 1253 1524 hausurus
1265 1459 1292 1526 ³.

331 1573 499 1661 Ulpianus
525 1572 796 1660 jurisconsultus
829 1592 851 1640 a
887 1574 979 1640 Diuo
1014 1576 1173 1657 noyosco
1213 1577 1346 1643 Marco

287 1689 511 1759 constitutum
534 1708 597 1756 nos
620 1691 737 1786 monet
763 1691 801 1755 ut
828 1687 1075 1756 filiusfamilias
1107 1688 1206 1758 miles
1234 1690 1277 1758 de
1302 1709 1345 1759 eo

286 1805 422 1892 peculio
440 1805 531 1891 quod
554 1805 590 1870 in
614 1804 738 1872 castris
762 1804 987 1892 acquisiverit
1013 1807 1261 1873 testamentum
1284 1807 1345 1874 sa-

286 1939 364 1989 cere
386 1920 528 2008 posset
547 1921 641 1988 Unde
669 1921 875 1988 concludere
906 1921 1001 1988 haud
1028 1921 1219 1988 absurdum
1250 1923 1296 1989 sit
1322 1943 1346 1990 a

286 2039 394 2105 Marci
412 2036 577 2104 Antonini
602 2037 742 2105 decreto
770 2042 948 2104 castrense
974 2037 1149 2124 peculium
1171 2037 1345 2124 originem

287 2154 439 2223 duxisse.
464 2153 531 2221 Sed
553 2153 676 2221 eadem
693 2155 802 2220 verba
824 2155 980 2220 Marcum
996 2153 1346 2241 Ulpium'lrajanum

286 2273 432 2358 possunt
454 2269 653 2353 designare.
686 2269 844 2336 Ceterum
872 2270 980 2336 multo
1006 2269 1176 2336 vetustius
1205 2270 1345 2338 videtur

286 2384 373 2451 illud
399 2384 526 2471 peculii
548 2403 670 2468 genus.
696 2383 910 2451 Justinianus
928 2385 1019 2452 enim
1042 2384 1190 2451 scribit:
1209 2387 1345 2461 «Quod

286 2499 497 2586 quidemjus
523 2500 735 2569 (testamenti
760 2500 942 2570 condendi)
967 2500 1067 2569 initio
1092 2506 1227 2569 tantum
1249 2501 1344 2568 mili-

287 2615 442 2683 tantibus
465 2616 584 2682 datum
613 2619 666 2683 est
690 2618 763 2684 tam
780 2636 824 2684 ex
851 2617 1061 2685 auctoritate
1087 2616 1165 2685 Divi
1193 2617 1343 2703 Augusti

287 2750 392 2818 quam
408 2734 546 2812 Nervae,
565 2750 631 2800 aec
646 2751 719 2798 aon
738 2735 871 2816 optimi
889 2707 1129 2816 imperatoris
1151 2735 1310 2819 Trojano·
1332 2753 1342 2798 ε

223 2897 225 2902 ,
287 2852 411 2934 postea
427 2866 509 2915 vero
533 2848 787 2936 subscriptione
801 2848 878 2916 Divi
893 2849 1077 2931 Hadriani,
1094 2849 1201 2918 etiam
1218 2849 1342 2917 dimis-

288 2965 335 3032 sis
353 2964 489 3045 militia,
508 2964 544 3032 id
561 2968 614 3032 est
627 2964 818 3047 veteranis,
838 2984 1039 3033 concessum
1054 2968 1108 3034 est
1119 2966 1177 3045 ¹⁵.»
1198 2965 1343 3052 Trajani

287 3081 496 3148 decisionem
527 3083 646 3149 forsan
678 3082 844 3169 Ulpianus
875 3085 1147 3164 commemorat,
1177 3086 1238 3150 aut
1266 3081 1343 3168 ejus

232 3207 235 3214 ·
287 3198 396 3264 verba
416 3201 581 3285 corrupta
601 3197 741 3266 fuerunt
754 3199 779 3266 ⁶.
798 3200 846 3266 De
863 3198 1000 3286 peculio
1017 3197 1188 3266 castrensi
1204 3200 1343 3266 Marcus

324 3501 349 3557 l.
369 3501 478 3573 capit,
495 3501 569 3557 ibid.
589 3500 634 3557 21.
650 3529 684 3542 -
702 3517 718 3556 ‹<
738 3501 808 3558 Fuit
825 3501 938 3574 populo
959 3500 1009 3557 bie
1029 3513 1130 3558 sermo
1151 3515 1219 3557 cum
1237 3499 1340 3556 sustu-

288 3587 377 3645 lisset
389 3586 428 3643 ad
450 3586 562 3642 bellum
580 3585 768 3656 gladiatores
784 3585 863 3656 quod
883 3586 1031 3657 populum
1053 3585 1183 3642 sublatis
1196 3584 1340 3656 volupta-

287 3673 370 3729 tibus
385 3670 479 3727 vellet
493 3686 602 3739 cogere
617 3671 656 3728 ad
669 3672 904 3744 philosophiam.
918 3688 934 3725 >›
949 3673 996 3726 Id.
1011 3672 1096 3740 idid,
1112 3667 1157 3727 23:

323 3756 349 3812 ἓ.
365 3773 381 3810 <<
395 3759 453 3812 Per
467 3755 670 3813 Brundusium
679 3756 845 3814 veniensin
859 3755 979 3812 ltaliam
990 3755 1096 3824 togam
1108 3755 1141 3811 et
1155 3755 1220 3826 ipse
1236 3769 1341 3826 sump-

288 3843 329 3900 sit
343 3845 376 3900 et
389 3844 504 3900 milites
518 3846 642 3913 togatos
661 3857 729 3900 esse
739 3843 856 3914 jussit:
878 3857 933 3898 nec
948 3855 1080 3910 uuquam
1100 3840 1202 3911 sagati
1217 3840 1343 3897 luerunt

288 3930 343 3985 sub
358 3945 392 3984 eo
408 3929 533 3986 milites.
547 3946 563 3984 »
577 3931 622 3985 Id.
639 3930 713 3984 iota.
726 3927 771 3985 27.

322 4013 348 4070 3.
370 4015 469 4082 LXXl,
483 4013 510 4070 3.

323 4098 349 4156 l.
370 4102 444 4169 Rau.
460 4101 525 4168 XX,
541 4097 584 4154 lb.

322 4183 349 4242 5.
369 4186 442 4241 Iast.
459 4186 492 4251 ll,
511 4182 552 4240 12.
566 4183 610 4240 Gt.
624 4185 730 4239 turen.
747 4185 809 4238 Sat.
824 4183 889 4249 XX,
904 4193 935 4234 r.
950 4177 994 4235 tl.
1011 4195 1093 4250 seqq.

323 4268 350 4327 6.
371 4270 439 4327 Vid.
452 4269 560 4340 Pellat,
576 4270 721 4326 Manuale
729 4268 817 4336 juris
831 4266 1037 4339 synoprtcam,
1051 4281 1081 4339 p.
1095 4261 1156 4322 ild.
