<?xml version="1.0" encoding="UTF-8"?>
<!DOCTYPE html PUBLIC "-//W3C//DTD XHTML 1.0 Transitional//EN"
    "http://www.w3.org/TR/xhtml1/DTD/xhtml1-transitional.dtd">
<html xmlns="http://www.w3.org/1999/xhtml" xml:lang="en" lang="en">
 <head>
  <title>
</title>
<meta http-equiv="Content-Type" content="text/html;charset=utf-8" />
  <meta name='ocr-system' content='tesseract 3.04.00' />
  <meta name='ocr-capabilities' content='ocr_page ocr_carea ocr_par ocr_line ocrx_word'/>
</head>
<body>
  <div class='ocr_page' id='page_1' title='image "./deconstitutioni00dumgoog_0094.png"; bbox 0 0 3128 4962; ppageno 0'>
   <div class='ocr_carea' id='block_1_1' title="bbox 3 4710 175 4934">
    <p class='ocr_par' dir='ltr' id='par_1_1' title="bbox 3 4710 175 4934">
     <span class='ocr_line' id='line_1_1' title="bbox 3 4710 175 4934; baseline 0 0"><span class='ocrx_word' id='word_1_1' title='bbox 3 4710 175 4934; x_wconf 62' lang='lat' dir='ltr'><em>A</em></span> 
     </span>
    </p>
   </div>
   <div class='ocr_carea' id='block_1_2' title="bbox 558 385 1255 485">
    <p class='ocr_par' dir='ltr' id='par_1_2' title="bbox 558 385 1255 485">
     <span class='ocr_line' id='line_1_2' title="bbox 558 385 1255 485; baseline -0.004 -29"><span class='ocrx_word' id='word_1_2' title='bbox 558 408 621 485; x_wconf 25' lang='lat' dir='ltr'>:uu</span> <span class='ocrx_word' id='word_1_3' title='bbox 644 409 730 457; x_wconf 79' lang='lat' dir='ltr'>rnna</span> <span class='ocrx_word' id='word_1_4' title='bbox 754 410 874 460; x_wconf 81' lang='lat' dir='ltr'>crvrur.</span> <span class='ocrx_word' id='word_1_5' title='bbox 1215 385 1255 454; x_wconf 87' lang='lat'>81</span> 
     </span>
    </p>
   </div>
   <div class='ocr_carea' id='block_1_3' title="bbox 195 531 1347 2362">
    <p class='ocr_par' dir='ltr' id='par_1_3' title="bbox 195 531 1266 1430">
     <span class='ocr_line' id='line_1_3' title="bbox 195 531 1260 620; baseline 0.004 -24"><span class='ocrx_word' id='word_1_6' title='bbox 195 531 364 620; x_wconf 90' lang='lat' dir='ltr'>quissimo</span> <span class='ocrx_word' id='word_1_7' title='bbox 382 531 503 618; x_wconf 93' lang='lat' dir='ltr'>populi</span> <span class='ocrx_word' id='word_1_8' title='bbox 517 531 666 598; x_wconf 80' lang='lat' dir='ltr'>Romani</span> <span class='ocrx_word' id='word_1_9' title='bbox 680 550 744 597; x_wconf 91' lang='lat' dir='ltr'>usu</span> <span class='ocrx_word' id='word_1_10' title='bbox 760 532 967 611; x_wconf 68' lang='lat' dir='ltr'>abhorrens</span> <span class='ocrx_word' id='word_1_11' title='bbox 982 532 1169 600; x_wconf 79' lang='lat' dir='ltr'>humanior</span> <span class='ocrx_word' id='word_1_12' title='bbox 1184 550 1260 600; x_wconf 88' lang='lat' dir='ltr'>esse</span> 
     </span>
     <span class='ocr_line' id='line_1_4' title="bbox 197 647 1262 734; baseline 0.002 -20"><span class='ocrx_word' id='word_1_13' title='bbox 197 648 386 716; x_wconf 91' lang='lat' dir='ltr'>videbatur</span> <span class='ocrx_word' id='word_1_14' title='bbox 409 666 514 734; x_wconf 89' lang='lat' dir='ltr'>quam</span> <span class='ocrx_word' id='word_1_15' title='bbox 542 647 654 715; x_wconf 88' lang='lat' dir='ltr'>victas</span> <span class='ocrx_word' id='word_1_16' title='bbox 677 655 800 732; x_wconf 82' lang='lat' dir='ltr'>gentes</span> <span class='ocrx_word' id='word_1_17' title='bbox 822 648 857 714; x_wconf 88' lang='lat' dir='ltr'>in</span> <span class='ocrx_word' id='word_1_18' title='bbox 878 649 1079 716; x_wconf 85' lang='lat' dir='ltr'>servitutem</span> <span class='ocrx_word' id='word_1_19' title='bbox 1100 649 1262 734; x_wconf 78' lang='lat' dir='ltr'>redigere</span> 
     </span>
     <span class='ocr_line' id='line_1_5' title="bbox 198 766 1262 854; baseline -0.001 -20"><span class='ocrx_word' id='word_1_20' title='bbox 198 771 234 834; x_wconf 88' lang='lat' dir='ltr'>et</span> <span class='ocrx_word' id='word_1_21' title='bbox 248 767 350 854; x_wconf 86' lang='lat' dir='ltr'>quasi</span> <span class='ocrx_word' id='word_1_22' title='bbox 365 766 543 852; x_wconf 90' lang='lat' dir='ltr'>mancipia</span> <span class='ocrx_word' id='word_1_23' title='bbox 559 766 786 834; x_wconf 88' lang='lat' dir='ltr'>venumdare.</span> <span class='ocrx_word' id='word_1_24' title='bbox 804 768 967 834; x_wconf 79' lang='lat' dir='ltr'>Attamen</span> <span class='ocrx_word' id='word_1_25' title='bbox 986 766 1110 853; x_wconf 90' lang='lat' dir='ltr'>primis</span> <span class='ocrx_word' id='word_1_26' title='bbox 1124 769 1262 852; x_wconf 89' lang='lat' dir='ltr'>tempo—</span> 
     </span>
     <span class='ocr_line' id='line_1_6' title="bbox 198 880 1265 968; baseline -0.003 -18"><span class='ocrx_word' id='word_1_27' title='bbox 198 883 298 950; x_wconf 89' lang='lat' dir='ltr'>ribus</span> <span class='ocrx_word' id='word_1_28' title='bbox 323 888 358 950; x_wconf 89' lang='lat' dir='ltr'>et</span> <span class='ocrx_word' id='word_1_29' title='bbox 380 883 577 949; x_wconf 79' lang='lat' dir='ltr'>servitiam</span> <span class='ocrx_word' id='word_1_30' title='bbox 602 883 728 948; x_wconf 90' lang='lat' dir='ltr'>horum</span> <span class='ocrx_word' id='word_1_31' title='bbox 752 881 961 968; x_wconf 91' lang='lat' dir='ltr'>populorum</span> <span class='ocrx_word' id='word_1_32' title='bbox 983 881 1135 950; x_wconf 87' lang='lat' dir='ltr'>conditio</span> <span class='ocrx_word' id='word_1_33' title='bbox 1158 880 1265 948; x_wconf 92' lang='lat' dir='ltr'>nomi·</span> 
     </span>
     <span class='ocr_line' id='line_1_7' title="bbox 200 981 1264 1084; baseline -0.003 -18"><span class='ocrx_word' id='word_1_34' title='bbox 200 1004 287 1066; x_wconf 90' lang='lat' dir='ltr'>nata</span> <span class='ocrx_word' id='word_1_35' title='bbox 319 1000 412 1084; x_wconf 60' lang='lat' dir='ltr'>esti.</span> <span class='ocrx_word' id='word_1_36' title='bbox 431 981 510 1084; x_wconf 75' lang='lat' dir='ltr'>¹lpsi</span> <span class='ocrx_word' id='word_1_37' title='bbox 544 998 738 1064; x_wconf 77' lang='lat' dir='ltr'>tributarii</span> <span class='ocrx_word' id='word_1_38' title='bbox 767 997 850 1065; x_wconf 90' lang='lat' dir='ltr'>dicti</span> <span class='ocrx_word' id='word_1_39' title='bbox 879 1000 959 1064; x_wconf 90' lang='lat' dir='ltr'>sunt</span> <span class='ocrx_word' id='word_1_40' title='bbox 987 992 1071 1084; x_wconf 89' lang='lat' dir='ltr'>quia</span> <span class='ocrx_word' id='word_1_41' title='bbox 1096 997 1264 1065; x_wconf 91' lang='lat' dir='ltr'>tributum</span> 
     </span>
     <span class='ocr_line' id='line_1_8' title="bbox 203 1113 1264 1202; baseline -0.004 -20"><span class='ocrx_word' id='word_1_42' title='bbox 203 1133 358 1188; x_wconf 89' lang='lat' dir='ltr'>annuum</span> <span class='ocrx_word' id='word_1_43' title='bbox 376 1113 618 1202; x_wconf 61' lang='lat' dir='ltr'>pendebantir</span> <span class='ocrx_word' id='word_1_44' title='bbox 639 1113 872 1196; x_wconf 77' lang='lat' dir='ltr'>adscriptitia·</span> <span class='ocrx_word' id='word_1_45' title='bbox 889 1133 1027 1199; x_wconf 90' lang='lat' dir='ltr'>quoque</span> <span class='ocrx_word' id='word_1_46' title='bbox 1044 1114 1100 1180; x_wconf 90' lang='lat' dir='ltr'>vel</span> <span class='ocrx_word' id='word_1_47' title='bbox 1117 1115 1264 1190; x_wconf 63' lang='lat' dir='ltr'>accariti,⁸</span> 
     </span>
     <span class='ocr_line' id='line_1_9' title="bbox 203 1227 1266 1320; baseline -0.004 -22"><span class='ocrx_word' id='word_1_48' title='bbox 203 1249 284 1320; x_wconf 88' lang='lat' dir='ltr'>quae</span> <span class='ocrx_word' id='word_1_49' title='bbox 318 1229 463 1298; x_wconf 91' lang='lat' dir='ltr'>nomina</span> <span class='ocrx_word' id='word_1_50' title='bbox 494 1227 600 1296; x_wconf 87' lang='lat' dir='ltr'>etiam</span> <span class='ocrx_word' id='word_1_51' title='bbox 633 1227 758 1296; x_wconf 84' lang='lat' dir='ltr'>ceteris</span> <span class='ocrx_word' id='word_1_52' title='bbox 796 1229 930 1296; x_wconf 89' lang='lat' dir='ltr'>colonis</span> <span class='ocrx_word' id='word_1_53' title='bbox 966 1229 1131 1315; x_wconf 88' lang='lat' dir='ltr'>imposita</span> <span class='ocrx_word' id='word_1_54' title='bbox 1166 1231 1266 1308; x_wconf 76' lang='lat' dir='ltr'>sunt3</span> 
     </span>
     <span class='ocr_line' id='line_1_10' title="bbox 203 1335 1060 1430; baseline -0.004 -17"><span class='ocrx_word' id='word_1_55' title='bbox 203 1345 321 1430; x_wconf 88' lang='lat' dir='ltr'>simul,</span> <span class='ocrx_word' id='word_1_56' title='bbox 340 1347 378 1412; x_wconf 92' lang='lat' dir='ltr'>ut</span> <span class='ocrx_word' id='word_1_57' title='bbox 395 1335 501 1412; x_wconf 88' lang='lat' dir='ltr'>ceteri</span> <span class='ocrx_word' id='word_1_58' title='bbox 519 1344 646 1426; x_wconf 89' lang='lat' dir='ltr'>coloni,</span> <span class='ocrx_word' id='word_1_59' title='bbox 665 1343 817 1410; x_wconf 90' lang='lat' dir='ltr'>militare</span> <span class='ocrx_word' id='word_1_60' title='bbox 832 1345 1060 1430; x_wconf 81' lang='lat' dir='ltr'>cogebantur.</span> 
     </span>
    </p>

    <p class='ocr_par' dir='ltr' id='par_1_4' title="bbox 207 1456 1347 2362">
     <span class='ocr_line' id='line_1_11' title="bbox 249 1456 1268 1546; baseline -0.004 -18"><span class='ocrx_word' id='word_1_61' title='bbox 249 1460 311 1528; x_wconf 88' lang='lat' dir='ltr'>His</span> <span class='ocrx_word' id='word_1_62' title='bbox 335 1459 378 1528; x_wconf 91' lang='lat' dir='ltr'>de</span> <span class='ocrx_word' id='word_1_63' title='bbox 404 1458 519 1527; x_wconf 90' lang='lat' dir='ltr'>causis</span> <span class='ocrx_word' id='word_1_64' title='bbox 540 1459 753 1527; x_wconf 82' lang='lat' dir='ltr'>recentiores</span> <span class='ocrx_word' id='word_1_65' title='bbox 774 1460 932 1527; x_wconf 91' lang='lat' dir='ltr'>nonnulli</span> <span class='ocrx_word' id='word_1_66' title='bbox 950 1462 1111 1527; x_wconf 86' lang='lat' dir='ltr'>auctores</span> <span class='ocrx_word' id='word_1_67' title='bbox 1134 1456 1268 1546; x_wconf 89' lang='lat' dir='ltr'>opinati</span> 
     </span>
     <span class='ocr_line' id='line_1_12' title="bbox 207 1573 1270 1658; baseline -0.004 -14"><span class='ocrx_word' id='word_1_68' title='bbox 207 1579 289 1646; x_wconf 89' lang='lat' dir='ltr'>sunt</span> <span class='ocrx_word' id='word_1_69' title='bbox 300 1576 407 1647; x_wconf 88' lang='lat' dir='ltr'>talem</span> <span class='ocrx_word' id='word_1_70' title='bbox 423 1575 531 1642; x_wconf 80' lang='lat' dir='ltr'>fuisse</span> <span class='ocrx_word' id='word_1_71' title='bbox 545 1575 698 1642; x_wconf 90' lang='lat' dir='ltr'>omnium</span> <span class='ocrx_word' id='word_1_72' title='bbox 715 1575 917 1643; x_wconf 90' lang='lat' dir='ltr'>colonorum</span> <span class='ocrx_word' id='word_1_73' title='bbox 934 1575 1144 1643; x_wconf 90' lang='lat' dir='ltr'>conditionis</span> <span class='ocrx_word' id='word_1_74' title='bbox 1160 1573 1270 1658; x_wconf 82' lang='lat' dir='ltr'>origi-</span> 
     </span>
     <span class='ocr_line' id='line_1_13' title="bbox 208 1689 1271 1787; baseline -0.003 -29"><span class='ocrx_word' id='word_1_75' title='bbox 208 1693 325 1760; x_wconf 66' lang='lat' dir='ltr'>nemi.</span> <span class='ocrx_word' id='word_1_76' title='bbox 354 1691 494 1758; x_wconf 87' lang='lat' dir='ltr'>Minime</span> <span class='ocrx_word' id='word_1_77' title='bbox 523 1694 639 1758; x_wconf 91' lang='lat' dir='ltr'>autem</span> <span class='ocrx_word' id='word_1_78' title='bbox 667 1692 853 1777; x_wconf 88' lang='lat' dir='ltr'>probatum</span> <span class='ocrx_word' id='word_1_79' title='bbox 884 1695 937 1758; x_wconf 90' lang='lat' dir='ltr'>est</span> <span class='ocrx_word' id='word_1_80' title='bbox 965 1690 1074 1758; x_wconf 84' lang='lat' dir='ltr'>Marci</span> <span class='ocrx_word' id='word_1_81' title='bbox 1104 1689 1271 1787; x_wconf 83' lang='lat' dir='ltr'>Antonini</span> 
     </span>
     <span class='ocr_line' id='line_1_14' title="bbox 208 1805 1272 1893; baseline -0.006 -18"><span class='ocrx_word' id='word_1_82' title='bbox 208 1805 425 1893; x_wconf 84' lang='lat' dir='ltr'>temporibus</span> <span class='ocrx_word' id='word_1_83' title='bbox 441 1807 505 1872; x_wconf 90' lang='lat' dir='ltr'>has</span> <span class='ocrx_word' id='word_1_84' title='bbox 522 1807 755 1874; x_wconf 89' lang='lat' dir='ltr'>barbarorum</span> <span class='ocrx_word' id='word_1_85' title='bbox 778 1807 934 1873; x_wconf 90' lang='lat' dir='ltr'>colonias</span> <span class='ocrx_word' id='word_1_86' title='bbox 954 1807 1076 1874; x_wconf 90' lang='lat' dir='ltr'>eodem</span> <span class='ocrx_word' id='word_1_87' title='bbox 1090 1805 1172 1892; x_wconf 86' lang='lat' dir='ltr'>jure</span> <span class='ocrx_word' id='word_1_88' title='bbox 1189 1805 1272 1872; x_wconf 88' lang='lat' dir='ltr'>ads-</span> 
     </span>
     <span class='ocr_line' id='line_1_15' title="bbox 209 1920 1271 2008; baseline -0.005 -18"><span class='ocrx_word' id='word_1_89' title='bbox 209 1922 333 1990; x_wconf 89' lang='lat' dir='ltr'>trictas</span> <span class='ocrx_word' id='word_1_90' title='bbox 357 1940 432 1989; x_wconf 89' lang='lat' dir='ltr'>esse</span> <span class='ocrx_word' id='word_1_91' title='bbox 456 1939 560 2008; x_wconf 92' lang='lat' dir='ltr'>quam</span> <span class='ocrx_word' id='word_1_92' title='bbox 587 1921 805 1989; x_wconf 83' lang='lat' dir='ltr'>Constantini</span> <span class='ocrx_word' id='word_1_93' title='bbox 827 1925 887 1988; x_wconf 91' lang='lat' dir='ltr'>aut</span> <span class='ocrx_word' id='word_1_94' title='bbox 908 1920 1147 1988; x_wconf 86' lang='lat' dir='ltr'>Valentiniani</span> <span class='ocrx_word' id='word_1_95' title='bbox 1183 1922 1271 1986; x_wconf 89' lang='lat' dir='ltr'>Nam</span> 
     </span>
     <span class='ocr_line' id='line_1_16' title="bbox 210 2034 1275 2125; baseline -0.005 -20"><span class='ocrx_word' id='word_1_96' title='bbox 210 2046 335 2125; x_wconf 90' lang='lat' dir='ltr'>postea</span> <span class='ocrx_word' id='word_1_97' title='bbox 368 2037 476 2103; x_wconf 89' lang='lat' dir='ltr'>etiam</span> <span class='ocrx_word' id='word_1_98' title='bbox 514 2055 581 2102; x_wconf 94' lang='lat' dir='ltr'>non</span> <span class='ocrx_word' id='word_1_99' title='bbox 619 2036 802 2104; x_wconf 89' lang='lat' dir='ltr'>civitatum</span> <span class='ocrx_word' id='word_1_100' title='bbox 839 2037 1107 2118; x_wconf 75' lang='lat' dir='ltr'>magistratibus</span> <span class='ocrx_word' id='word_1_101' title='bbox 1144 2034 1275 2102; x_wconf 87' lang='lat' dir='ltr'>subditi</span> 
     </span>
     <span class='ocr_line' id='line_1_17' title="bbox 212 2149 1275 2239; baseline -0.004 -18"><span class='ocrx_word' id='word_1_102' title='bbox 212 2160 329 2233; x_wconf 88' lang='lat' dir='ltr'>erant,</span> <span class='ocrx_word' id='word_1_103' title='bbox 353 2152 414 2220; x_wconf 91' lang='lat' dir='ltr'>sed</span> <span class='ocrx_word' id='word_1_104' title='bbox 437 2151 661 2238; x_wconf 83' lang='lat' dir='ltr'>praefectibus</span> <span class='ocrx_word' id='word_1_105' title='bbox 686 2153 745 2239; x_wconf 91' lang='lat' dir='ltr'>qui</span> <span class='ocrx_word' id='word_1_106' title='bbox 771 2152 839 2238; x_wconf 87' lang='lat' dir='ltr'>ipsi</span> <span class='ocrx_word' id='word_1_107' title='bbox 863 2151 1067 2220; x_wconf 86' lang='lat' dir='ltr'>militiarum</span> <span class='ocrx_word' id='word_1_108' title='bbox 1094 2149 1275 2236; x_wconf 80' lang='lat' dir='ltr'>magistris</span> 
     </span>
     <span class='ocr_line' id='line_1_18' title="bbox 212 2265 1347 2362; baseline -0.004 -26"><span class='ocrx_word' id='word_1_109' title='bbox 212 2269 422 2357; x_wconf 69' lang='lat' dir='ltr'>parebantl.</span> <span class='ocrx_word' id='word_1_110' title='bbox 447 2269 702 2362; x_wconf 40' lang='lat' dir='ltr'>Praetereapin</span> <span class='ocrx_word' id='word_1_111' title='bbox 727 2269 849 2354; x_wconf 88' lang='lat' dir='ltr'>paucis</span> <span class='ocrx_word' id='word_1_112' title='bbox 871 2269 1080 2355; x_wconf 78' lang='lat' dir='ltr'>provinciiS‚</span> <span class='ocrx_word' id='word_1_113' title='bbox 1099 2267 1134 2334; x_wconf 91' lang='lat' dir='ltr'>in</span> <span class='ocrx_word' id='word_1_114' title='bbox 1160 2265 1276 2334; x_wconf 87' lang='lat' dir='ltr'>Gallia</span> <span class='ocrx_word' id='word_1_115' title='bbox 1305 2316 1308 2319; x_wconf 12' lang='grc' dir='ltr'><strong>Α</strong></span> <span class='ocrx_word' id='word_1_116' title='bbox 1343 2280 1347 2288; x_wconf 92' lang='grc'>·</span> 
     </span>
    </p>
   </div>
   <div class='ocr_carea' id='block_1_4' title="bbox 213 2381 1387 2471">
    <p class='ocr_par' dir='ltr' id='par_1_5' title="bbox 213 2381 1387 2471">
     <span class='ocr_line' id='line_1_19' title="bbox 213 2381 1387 2471; baseline -0.004 -19"><span class='ocrx_word' id='word_1_117' title='bbox 213 2389 248 2452; x_wconf 87' lang='lat' dir='ltr'>et</span> <span class='ocrx_word' id='word_1_118' title='bbox 272 2386 366 2471; x_wconf 90' lang='lat' dir='ltr'>apud</span> <span class='ocrx_word' id='word_1_119' title='bbox 390 2385 581 2452; x_wconf 83' lang='lat' dir='ltr'>Eridanum</span> <span class='ocrx_word' id='word_1_120' title='bbox 608 2385 849 2452; x_wconf 89' lang='lat' dir='ltr'>Danubiumve</span> <span class='ocrx_word' id='word_1_121' title='bbox 875 2403 926 2452; x_wconf 85' lang='lat' dir='ltr'>eae</span> <span class='ocrx_word' id='word_1_122' title='bbox 953 2383 1101 2453; x_wconf 89' lang='lat' dir='ltr'>coloniae</span> <span class='ocrx_word' id='word_1_123' title='bbox 1125 2381 1276 2450; x_wconf 89' lang='lat' dir='ltr'>conditae</span> <span class='ocrx_word' id='word_1_124' title='bbox 1384 2449 1387 2456; x_wconf 13' lang='grc' dir='ltr'><strong><em>Δ</em></strong></span> 
     </span>
    </p>
   </div>
   <div class='ocr_carea' id='block_1_5' title="bbox 214 2497 1354 3630">
    <p class='ocr_par' dir='ltr' id='par_1_6' title="bbox 214 2497 1276 2703">
     <span class='ocr_line' id='line_1_20' title="bbox 215 2497 1276 2592; baseline -0.004 -24"><span class='ocrx_word' id='word_1_125' title='bbox 215 2504 313 2583; x_wconf 91' lang='lat' dir='ltr'>sunt,</span> <span class='ocrx_word' id='word_1_126' title='bbox 338 2519 485 2587; x_wconf 91' lang='lat' dir='ltr'>perraro</span> <span class='ocrx_word' id='word_1_127' title='bbox 513 2501 550 2566; x_wconf 89' lang='lat' dir='ltr'>in</span> <span class='ocrx_word' id='word_1_128' title='bbox 581 2501 879 2592; x_wconf 84' lang='lat' dir='ltr'>Asia3universo</span> <span class='ocrx_word' id='word_1_129' title='bbox 910 2504 1028 2568; x_wconf 87' lang='lat' dir='ltr'>tamen</span> <span class='ocrx_word' id='word_1_130' title='bbox 1061 2499 1097 2566; x_wconf 91' lang='lat' dir='ltr'>in</span> <span class='ocrx_word' id='word_1_131' title='bbox 1128 2497 1276 2586; x_wconf 91' lang='lat' dir='ltr'>imperio</span> 
     </span>
     <span class='ocr_line' id='line_1_21' title="bbox 214 2616 1179 2703; baseline -0.006 -17"><span class='ocrx_word' id='word_1_132' title='bbox 214 2617 358 2686; x_wconf 88' lang='lat' dir='ltr'>colonos</span> <span class='ocrx_word' id='word_1_133' title='bbox 384 2616 492 2684; x_wconf 82' lang='lat' dir='ltr'>fuisse</span> <span class='ocrx_word' id='word_1_134' title='bbox 517 2618 649 2684; x_wconf 88' lang='lat' dir='ltr'>certum</span> <span class='ocrx_word' id='word_1_135' title='bbox 677 2619 739 2685; x_wconf 88' lang='lat' dir='ltr'>est.</span> <span class='ocrx_word' id='word_1_136' title='bbox 1177 2699 1179 2703; x_wconf 22' lang='grc' dir='ltr'>Ι</span> 
     </span>
    </p>

    <p class='ocr_par' dir='ltr' id='par_1_7' title="bbox 216 2730 1354 3281">
     <span class='ocr_line' id='line_1_22' title="bbox 260 2730 1275 2818; baseline 0 -20"><span class='ocrx_word' id='word_1_137' title='bbox 260 2731 409 2800; x_wconf 81' lang='lat' dir='ltr'>Aliunde</span> <span class='ocrx_word' id='word_1_138' title='bbox 431 2731 541 2817; x_wconf 80' lang='lat' dir='ltr'>igitur</span> <span class='ocrx_word' id='word_1_139' title='bbox 565 2732 757 2818; x_wconf 87' lang='lat' dir='ltr'>quaerenda</span> <span class='ocrx_word' id='word_1_140' title='bbox 780 2736 832 2800; x_wconf 85' lang='lat' dir='ltr'>est</span> <span class='ocrx_word' id='word_1_141' title='bbox 858 2733 983 2799; x_wconf 92' lang='lat' dir='ltr'>horum</span> <span class='ocrx_word' id='word_1_142' title='bbox 1011 2735 1125 2799; x_wconf 89' lang='lat' dir='ltr'>status</span> <span class='ocrx_word' id='word_1_143' title='bbox 1156 2730 1275 2816; x_wconf 85' lang='lat' dir='ltr'>origo;</span> 
     </span>
     <span class='ocr_line' id='line_1_23' title="bbox 216 2847 1278 2915; baseline -0.004 0"><span class='ocrx_word' id='word_1_144' title='bbox 216 2851 262 2915; x_wconf 90' lang='lat' dir='ltr'>M.</span> <span class='ocrx_word' id='word_1_145' title='bbox 291 2848 471 2915; x_wconf 91' lang='lat' dir='ltr'>Aurelium</span> <span class='ocrx_word' id='word_1_146' title='bbox 501 2867 580 2915; x_wconf 87' lang='lat' dir='ltr'>eum</span> <span class='ocrx_word' id='word_1_147' title='bbox 608 2847 803 2915; x_wconf 90' lang='lat' dir='ltr'>condidisse</span> <span class='ocrx_word' id='word_1_148' title='bbox 833 2851 894 2914; x_wconf 86' lang='lat' dir='ltr'>aut</span> <span class='ocrx_word' id='word_1_149' title='bbox 920 2848 952 2915; x_wconf 92' lang='lat' dir='ltr'>ei</span> <span class='ocrx_word' id='word_1_150' title='bbox 980 2848 1109 2915; x_wconf 91' lang='lat' dir='ltr'>dudum</span> <span class='ocrx_word' id='word_1_151' title='bbox 1137 2847 1278 2914; x_wconf 91' lang='lat' dir='ltr'>condito</span> 
     </span>
     <span class='ocr_line' id='line_1_24' title="bbox 217 2963 1280 3050; baseline -0.002 -20"><span class='ocrx_word' id='word_1_152' title='bbox 217 2965 315 3049; x_wconf 83' lang='lat' dir='ltr'>leges</span> <span class='ocrx_word' id='word_1_153' title='bbox 335 2963 542 3050; x_wconf 89' lang='lat' dir='ltr'>imposuisse</span> <span class='ocrx_word' id='word_1_154' title='bbox 566 2964 724 3031; x_wconf 91' lang='lat' dir='ltr'>nonnulli</span> <span class='ocrx_word' id='word_1_155' title='bbox 750 2966 892 3049; x_wconf 89' lang='lat' dir='ltr'>putaut;</span> <span class='ocrx_word' id='word_1_156' title='bbox 923 2966 984 3032; x_wconf 89' lang='lat' dir='ltr'>sed</span> <span class='ocrx_word' id='word_1_157' title='bbox 1009 2964 1214 3050; x_wconf 86' lang='lat' dir='ltr'>priusquam</span> <span class='ocrx_word' id='word_1_158' title='bbox 1237 2963 1280 3029; x_wconf 93' lang='lat' dir='ltr'>de</span> 
     </span>
     <span class='ocr_line' id='line_1_25' title="bbox 218 3075 1354 3166; baseline -0.002 -19"><span class='ocrx_word' id='word_1_159' title='bbox 218 3082 284 3147; x_wconf 91' lang='lat' dir='ltr'>hoc</span> <span class='ocrx_word' id='word_1_160' title='bbox 314 3080 465 3166; x_wconf 92' lang='lat' dir='ltr'>amplius</span> <span class='ocrx_word' id='word_1_161' title='bbox 493 3081 718 3160; x_wconf 67' lang='lat' dir='ltr'>disseramus</span> <span class='ocrx_word' id='word_1_162' title='bbox 753 3080 796 3146; x_wconf 91' lang='lat' dir='ltr'>de</span> <span class='ocrx_word' id='word_1_163' title='bbox 826 3081 1029 3148; x_wconf 89' lang='lat' dir='ltr'>colonorum</span> <span class='ocrx_word' id='word_1_164' title='bbox 1057 3078 1281 3147; x_wconf 85' lang='lat' dir='ltr'>distinctione</span> <span class='ocrx_word' id='word_1_165' title='bbox 1353 3075 1354 3078; x_wconf 68' lang='grc'>’</span> 
     </span>
     <span class='ocr_line' id='line_1_26' title="bbox 220 3195 612 3281; baseline -0.003 -18"><span class='ocrx_word' id='word_1_166' title='bbox 220 3195 340 3281; x_wconf 88' lang='lat' dir='ltr'>aliqua</span> <span class='ocrx_word' id='word_1_167' title='bbox 357 3195 504 3262; x_wconf 89' lang='lat' dir='ltr'>dicenda</span> <span class='ocrx_word' id='word_1_168' title='bbox 520 3203 612 3263; x_wconf 87' lang='lat' dir='ltr'>sunt.</span> 
     </span>
    </p>

    <p class='ocr_par' dir='ltr' id='par_1_8' title="bbox 221 3287 1280 3630">
     <span class='ocr_line' id='line_1_27' title="bbox 266 3308 1279 3399; baseline -0.002 -20"><span class='ocrx_word' id='word_1_169' title='bbox 266 3312 484 3379; x_wconf 71' lang='lat' dir='ltr'>dolenorum</span> <span class='ocrx_word' id='word_1_170' title='bbox 508 3308 618 3393; x_wconf 92' lang='lat' dir='ltr'>enim,</span> <span class='ocrx_word' id='word_1_171' title='bbox 647 3313 708 3377; x_wconf 90' lang='lat' dir='ltr'>aut</span> <span class='ocrx_word' id='word_1_172' title='bbox 734 3312 1033 3398; x_wconf 77' lang='lat' dir='ltr'>ortptnorioram</span> <span class='ocrx_word' id='word_1_173' title='bbox 1061 3310 1142 3399; x_wconf 92' lang='lat' dir='ltr'>(hac</span> <span class='ocrx_word' id='word_1_174' title='bbox 1172 3311 1279 3378; x_wconf 88' lang='lat' dir='ltr'>etiam</span> 
     </span>
     <span class='ocr_line' id='line_1_28' title="bbox 221 3424 1280 3513; baseline 0 -20"><span class='ocrx_word' id='word_1_175' title='bbox 221 3424 458 3512; x_wconf 85' lang='lat' dir='ltr'>appellatione</span> <span class='ocrx_word' id='word_1_176' title='bbox 480 3431 612 3513; x_wconf 87' lang='lat' dir='ltr'>praeter</span> <span class='ocrx_word' id='word_1_177' title='bbox 631 3445 692 3494; x_wconf 89' lang='lat' dir='ltr'>eas</span> <span class='ocrx_word' id='word_1_178' title='bbox 708 3445 817 3512; x_wconf 91' lang='lat' dir='ltr'>supra</span> <span class='ocrx_word' id='word_1_179' title='bbox 837 3426 949 3493; x_wconf 87' lang='lat' dir='ltr'>dictas</span> <span class='ocrx_word' id='word_1_180' title='bbox 972 3429 1185 3494; x_wconf 87' lang='lat' dir='ltr'>notabantur</span> <span class='ocrx_word' id='word_1_181' title='bbox 1202 3447 1280 3494; x_wconf 94' lang='lat' dir='ltr'>cum</span> 
     </span>
     <span class='ocr_line' id='line_1_29' title="bbox 221 3541 1280 3630; baseline 0.003 -25"><span class='ocrx_word' id='word_1_182' title='bbox 221 3541 297 3609; x_wconf 91' lang='lat' dir='ltr'>loco</span> <span class='ocrx_word' id='word_1_183' title='bbox 315 3541 374 3608; x_wconf 93' lang='lat' dir='ltr'>ubi</span> <span class='ocrx_word' id='word_1_184' title='bbox 397 3541 471 3608; x_wconf 88' lang='lat' dir='ltr'>nati</span> <span class='ocrx_word' id='word_1_185' title='bbox 490 3545 606 3610; x_wconf 91' lang='lat' dir='ltr'>essent</span> <span class='ocrx_word' id='word_1_186' title='bbox 623 3541 860 3630; x_wconf 80' lang='lat' dir='ltr'>adhaererent)</span> <span class='ocrx_word' id='word_1_187' title='bbox 883 3544 951 3609; x_wconf 93' lang='lat' dir='ltr'>duo</span> <span class='ocrx_word' id='word_1_188' title='bbox 969 3561 1102 3626; x_wconf 81' lang='lat' dir='ltr'>genera</span> <span class='ocrx_word' id='word_1_189' title='bbox 1119 3542 1280 3611; x_wconf 86' lang='lat' dir='ltr'>fuerunt:</span> 
     </span>
    </p>
   </div>
   <div class='ocr_carea' id='block_1_6' title="bbox 263 3841 697 3994">
    <p class='ocr_par' dir='ltr' id='par_1_9' title="bbox 263 3841 697 3994">
     <span class='ocr_line' id='line_1_30' title="bbox 263 3841 697 3897; baseline 0.002 -1"><span class='ocrx_word' id='word_1_190' title='bbox 263 3842 287 3897; x_wconf 87' lang='lat' dir='ltr'>l.</span> <span class='ocrx_word' id='word_1_191' title='bbox 308 3842 437 3897; x_wconf 83' lang='lat' dir='ltr'>Trebell.</span> <span class='ocrx_word' id='word_1_192' title='bbox 454 3842 528 3897; x_wconf 85' lang='lat' dir='ltr'>Poll.</span> <span class='ocrx_word' id='word_1_193' title='bbox 547 3843 656 3897; x_wconf 81' lang='lat' dir='ltr'>Claud.</span> <span class='ocrx_word' id='word_1_194' title='bbox 671 3841 697 3897; x_wconf 82' lang='lat'>9.</span> 
     </span>
     <span class='ocr_line' id='line_1_31' title="bbox 263 3924 673 3994; baseline 0.002 -14"><span class='ocrx_word' id='word_1_195' title='bbox 263 3924 289 3980; x_wconf 79' lang='lat'>2.</span> <span class='ocrx_word' id='word_1_196' title='bbox 309 3929 407 3981; x_wconf 90' lang='lat' dir='ltr'>Amm.</span> <span class='ocrx_word' id='word_1_197' title='bbox 421 3939 507 3993; x_wconf 82' lang='lat' dir='ltr'>xvru,</span> <span class='ocrx_word' id='word_1_198' title='bbox 523 3924 550 3994; x_wconf 86' lang='lat'>5,</span> <span class='ocrx_word' id='word_1_199' title='bbox 570 3925 612 3982; x_wconf 76' lang='lat'>15.</span> <span class='ocrx_word' id='word_1_200' title='bbox 671 3927 673 3930; x_wconf 82' lang='grc'><strong>’</strong></span> 
     </span>
    </p>
   </div>
   <div class='ocr_carea' id='block_1_7' title="bbox 230 4012 1285 4170">
    <p class='ocr_par' dir='ltr' id='par_1_10' title="bbox 230 4012 1285 4170">
     <span class='ocr_line' id='line_1_32' title="bbox 260 4012 1285 4084; baseline -0.002 -16"><span class='ocrx_word' id='word_1_201' title='bbox 260 4012 287 4068; x_wconf 90' lang='grc'>3.</span> <span class='ocrx_word' id='word_1_202' title='bbox 307 4012 427 4084; x_wconf 87' lang='lat' dir='ltr'>Zumpt,</span> <span class='ocrx_word' id='word_1_203' title='bbox 452 4015 544 4068; x_wconf 83' lang='lat' dir='ltr'>erer</span> <span class='ocrx_word' id='word_1_204' title='bbox 563 4015 615 4069; x_wconf 82' lang='lat' dir='ltr'>dte</span> <span class='ocrx_word' id='word_1_205' title='bbox 630 4015 750 4069; x_wconf 75' lang='lat' dir='ltr'>Ecaten.</span> <span class='ocrx_word' id='word_1_206' title='bbox 768 4017 821 4068; x_wconf 80' lang='lat' dir='ltr'>der</span> <span class='ocrx_word' id='word_1_207' title='bbox 842 4014 994 4078; x_wconf 71' lang='lat' dir='ltr'>Colonum,</span> <span class='ocrx_word' id='word_1_208' title='bbox 1015 4013 1121 4067; x_wconf 85' lang='lat' dir='ltr'>Rhein.</span> <span class='ocrx_word' id='word_1_209' title='bbox 1142 4014 1219 4068; x_wconf 88' lang='lat' dir='ltr'>Mus.</span> <span class='ocrx_word' id='word_1_210' title='bbox 1239 4026 1285 4067; x_wconf 92' lang='lat'>111.</span> 
     </span>
     <span class='ocr_line' id='line_1_33' title="bbox 230 4096 533 4170; baseline 0 -18"><span class='ocrx_word' id='word_1_211' title='bbox 230 4097 355 4167; x_wconf 83' lang='lat' dir='ltr'>Jahrgg.</span> <span class='ocrx_word' id='word_1_212' title='bbox 374 4096 459 4170; x_wconf 73' lang='lat'><strong>18453</strong></span> <span class='ocrx_word' id='word_1_213' title='bbox 477 4099 533 4154; x_wconf 90' lang='lat' dir='ltr'>etc.</span> 
     </span>
    </p>
   </div>
   <div class='ocr_carea' id='block_1_8' title="bbox 229 4180 1284 4336">
    <p class='ocr_par' dir='ltr' id='par_1_11' title="bbox 229 4180 1284 4336">
     <span class='ocr_line' id='line_1_34' title="bbox 262 4180 1284 4251; baseline -0.001 -14"><span class='ocrx_word' id='word_1_214' title='bbox 262 4180 288 4238; x_wconf 77' lang='lat' dir='ltr'>l.</span> <span class='ocrx_word' id='word_1_215' title='bbox 309 4184 419 4238; x_wconf 84' lang='lat' dir='ltr'>Eorum</span> <span class='ocrx_word' id='word_1_216' title='bbox 432 4182 566 4238; x_wconf 83' lang='lat' dir='ltr'>conditio</span> <span class='ocrx_word' id='word_1_217' title='bbox 583 4182 684 4238; x_wconf 91' lang='lat' dir='ltr'>tamen</span> <span class='ocrx_word' id='word_1_218' title='bbox 699 4182 835 4251; x_wconf 88' lang='lat' dir='ltr'>quotidie</span> <span class='ocrx_word' id='word_1_219' title='bbox 857 4181 988 4238; x_wconf 88' lang='lat' dir='ltr'>similior</span> <span class='ocrx_word' id='word_1_220' title='bbox 1001 4180 1187 4238; x_wconf 88' lang='lat' dir='ltr'>conditionis</span> <span class='ocrx_word' id='word_1_221' title='bbox 1203 4181 1284 4237; x_wconf 84' lang='lat' dir='ltr'>eolo-</span> 
     </span>
     <span class='ocr_line' id='line_1_35' title="bbox 229 4266 868 4336; baseline 0.002 -14"><span class='ocrx_word' id='word_1_222' title='bbox 229 4280 338 4322; x_wconf 87' lang='lat' dir='ltr'>norum</span> <span class='ocrx_word' id='word_1_223' title='bbox 353 4266 436 4323; x_wconf 81' lang='lat' dir='ltr'>iacta</span> <span class='ocrx_word' id='word_1_224' title='bbox 449 4268 506 4323; x_wconf 88' lang='lat' dir='ltr'>est.</span> <span class='ocrx_word' id='word_1_225' title='bbox 522 4267 589 4322; x_wconf 92' lang='lat' dir='ltr'>Vid.</span> <span class='ocrx_word' id='word_1_226' title='bbox 605 4267 730 4336; x_wconf 90' lang='lat' dir='ltr'>Arnold,</span> <span class='ocrx_word' id='word_1_227' title='bbox 746 4269 800 4323; x_wconf 84' lang='lat' dir='ltr'>loc.</span> <span class='ocrx_word' id='word_1_228' title='bbox 817 4268 868 4323; x_wconf 80' lang='lat' dir='ltr'>cit.</span> 
     </span>
    </p>
   </div>
   <div class='ocr_carea' id='block_1_9' title="bbox 1168 4367 1183 4416">
    <p class='ocr_par' dir='ltr' id='par_1_12' title="bbox 1168 4367 1183 4416">
     <span class='ocr_line' id='line_1_36' title="bbox 1168 4367 1183 4416; baseline 0 0"><span class='ocrx_word' id='word_1_229' title='bbox 1168 4367 1183 4416; x_wconf 89' lang='grc'>6</span> 
     </span>
    </p>
   </div>
   <div class='ocr_carea' id='block_1_10' title="bbox 0 0 1608 4962">
    <p class='ocr_par' dir='ltr' id='par_1_13' title="bbox 0 0 1608 4962">
     <span class='ocr_line' id='line_1_37' title="bbox 0 0 1608 4962; baseline 0 0"><span class='ocrx_word' id='word_1_230' title='bbox 0 0 1608 4962; x_wconf 95' lang='lat' dir='ltr'> </span> 
     </span>
    </p>
   </div>
  </div>
 </body>
</html>
