3114 4958
284 415 327 482 36
693 432 788 484 'rans
811 437 928 485 rnron.

329 562 367 626 In
391 558 577 627 Occidente
603 562 719 626 autem
744 558 866 625 durior
893 559 1046 644 populus
1071 557 1186 625 minus
1210 557 1347 624 alienas

284 675 474 761 religiones
491 674 716 762 patiebatur3
735 679 773 740 ut
788 673 1026 740 Bacchanalia
1048 673 1250 740 omittamus
1267 691 1350 758 quae

284 798 430 878 propter
447 791 584 874 flagitia
600 791 713 857 multa
731 790 922 876 prohibere
938 808 1081 856 necesse
1099 791 1225 868 luerat,
1254 789 1350 874 apud

284 907 428 973 Dionem
439 909 612 972 Maecenas
629 908 827 990 Augustum
854 906 1018 970 hortatur
1038 912 1075 972 ut
1095 905 1178 971 deos
1193 903 1350 970 civitatis

285 1024 435 1089 honoret
452 1027 487 1088 et
507 1023 552 1089 ab
577 1021 737 1089 omnibus
757 1019 926 1087 honorari
951 1020 1080 1106 jubeat
1094 1023 1117 1087 ¹.
1138 1018 1351 1086 Druidarum

286 1138 493 1224 religionem
509 1137 570 1204 ille
582 1137 749 1224 princeps
768 1136 828 1223 qui
845 1137 1009 1222 antiquos
1026 1155 1141 1202 mores
1164 1135 1351 1202 restituere

287 1256 443 1336 volebat,
466 1253 600 1320 civibus
622 1251 823 1334 interdixit,
850 1251 930 1318 dein
949 1250 1109 1318 Tiberius
1126 1254 1161 1318 et
1183 1251 1351 1318 Claudius

284 1369 426 1457 penitus
445 1369 632 1436 abolevere
651 1373 712 1435 aut
728 1369 846 1455 potius
867 1368 1011 1435 abolere
1028 1367 1146 1435 conati
1163 1369 1280 1433 sunt2.

329 1485 390 1551 His
407 1485 571 1569 cognitis,
591 1485 746 1551 breviter
762 1483 919 1570 priorum
934 1483 1205 1550 christianorum
1219 1488 1351 1549 sortem

286 1619 516 1687 exponamus,
535 1601 636 1686 Apud
661 1598 876 1682 Suetonium,
895 1598 1039 1667 Claudio
1061 1600 1269 1685 imperante,
1288 1617 1351 1664 eos

285 1717 437 1804 primum
467 1715 624 1782 videmus
652 1734 796 1781 summae
831 1714 998 1802 potestati
1030 1715 1237 1800 suspectoS,
1270 1733 1349 1780 curn

284 1833 414 1900 Judaeis
441 1832 597 1900 mixtos:
620 1857 636 1893 «
651 1831 813 1913 Judaeos,
843 1830 894 1897 ait
919 1831 1125 1913 Suetonius,
1157 1829 1350 1916 impulsore

285 1951 428 2017 Chresto
448 1948 586 2015 assidue
603 1948 865 2028 tumultuantes
885 1950 998 2013 Roma
1012 1943 1217 2034 (Claudius)
1235 1965 1351 2031 expu-

285 2067 326 2131 lit
338 2067 371 2145 3;
389 2090 407 2127 ι»
432 2064 556 2150 quibus
577 2063 694 2130 verbis
709 2063 806 2149 ipsos
823 2062 1036 2129 christianos
1053 2061 1257 2145 designatos
1271 2079 1350 2127 esse

284 2200 409 2269 parum
427 2179 630 2265 ambigitur.
651 2182 693 2246 nt
706 2178 874 2245 Claudius
887 2181 1044 2244 veterum
1061 2176 1183 2263 populi
1198 2175 1349 2244 Romani

259 2356 261 2360 .
285 2316 420 2364 morum
444 2294 735 2363 studiosissimum
756 2294 864 2361 tuisse
887 2293 964 2380 quis
983 2293 1121 2379 nescit‘l
1145 2319 1161 2354 «
1186 2293 1351 2380 Splendi-

285 2413 366 2478 dum
384 2411 517 2492 virum,
540 2411 649 2478 refert
670 2410 763 2476 idem
786 2410 949 2496 scriptor,
971 2409 1185 2495 Graeciaeque
1201 2409 1351 2496 provin-

285 2528 349 2594 ciae
366 2527 580 2614 principem,
599 2546 720 2594 verum
748 2525 849 2591 latini
873 2524 1044 2592 sermonis
1065 2524 1251 2610 ignarum,
1277 2545 1349 2592 non

285 2643 387 2710 modo
406 2644 486 2709 albo
499 2642 656 2728 judicum
674 2641 793 2723 erasit,
813 2641 874 2708 sed
886 2639 1038 2707 etiamin
1051 2641 1349 2727 peregrinitatem

324 2931 348 2987 l.
368 2933 399 2987 L.
418 2931 460 3000 ll,
476 2929 519 2986 36.

321 3015 346 3072 D.
368 3017 445 3071 Plin.
460 3019 496 3072 Η.
513 3017 549 3071 N.
566 3029 637 3070 xxx.
652 3013 677 3068 l.
691 3014 773 3070 Suet.
787 3015 896 3071 Claud.
908 3012 951 3069 ab.
967 3014 1071 3069 Fustel
1084 3014 1120 3069 de
1130 3015 1300 3084 Coulanges
1315 3016 1348 3069 in

286 3099 495 3156 eruditissimo
518 3100 595 3154 libro
620 3100 698 3154 lost,
717 3101 809 3167 polit.
830 3102 869 3154 de
889 3101 979 3154 l'anc.
998 3101 1131 3168 Franco,
1152 3115 1182 3170 p.
1202 3097 1236 3154 59
1257 3101 1349 3170 putat

286 3184 369 3254 apud
381 3185 558 3238 Suetonium
569 3184 625 3238 hoc
636 3185 731 3238 verbo
743 3201 758 3236 «
769 3184 918 3252 religione
931 3200 947 3237 »
959 3186 1080 3239 tantum
1093 3185 1193 3240 cultus
1206 3187 1346 3240 caerimo-

287 3268 354 3322 nias
371 3269 549 3336 significari.
566 3269 688 3324 Druidae
700 3269 782 3323 enim
794 3269 894 3324 tribus
907 3269 978 3338 post
993 3269 1061 3324 Chr.
1078 3284 1107 3324 n.
1122 3269 1242 3326 saeculis
1257 3284 1348 3341 repe-

286 3353 417 3420 riuntur,
434 3368 488 3406 nec
503 3353 602 3424 puniti
619 3353 715 3408 fuisse
731 3353 929 3408 videntur-
941 3353 1023 3415 Quod
1035 3354 1224 3410 solummodo
1235 3355 1349 3424 probat

287 3437 441 3490 Tiberium
462 3436 680 3506 Claudiumque
701 3453 761 3492 non
780 3440 903 3493 omnino
924 3439 1118 3508 successisse,
1140 3441 1172 3494 et
1192 3439 1348 3510 principes

285 3523 393 3592 postea
412 3521 551 3577 mitiores
579 3523 677 3578 tactos
701 3525 773 3592 quia
795 3522 911 3577 druidae
936 3524 1036 3578 minus
1059 3524 1187 3579 tiurendi
1212 3527 1302 3579 erant
1317 3523 1349 3578 et

285 3605 479 3672 benigniores
501 3621 608 3661 mores
631 3607 697 3662 Vid.
718 3608 810 3661 etiam
831 3607 1349 3678 laevaea2·eue’olopr·que,1880.-

286 3691 338 3743 Hic
355 3691 592 3745 contradicimus
609 3691 660 3745 olii
676 3692 764 3746 docto
780 3692 923 3762 scriptori
946 3693 1197 3747 Dubois-bluclian
1211 3693 1243 3746 in
1258 3693 1347 3761 eujus

285 3773 362 3828 libro
393 3777 493 3829 Tacite
511 3780 538 3829 et
552 3792 607 3830 son
622 3777 727 3842 ,electa
740 3777 836 3844 Paris
854 3775 929 3842 lolil,
948 3791 969 3842 1,
984 3794 1012 3846 p.
1024 3775 1086 3841 loo)
1105 3777 1220 3844 legitur
1231 3797 1236 3833 :
1248 3795 1262 3830 «
1274 3777 1350 3831 L’in·

284 3859 438 3913 tolerauce
460 3860 537 3914 etant
559 3862 642 3915 aussi
665 3861 886 3916 radicalemcnt
909 3875 1040 3929 grceque
1062 3876 1119 3930 que
1146 3864 1174 3916 la
1193 3863 1348 3917 tolerance

284 3943 362 3998 otait
382 3944 695 4000 fondarnentalemenn
709 3947 856 4000 romaine.
874 3963 889 3998 »
906 3948 941 3999 ut
957 3948 1094 3999 Marcum
1108 3947 1263 4000 Aurelium
1280 3948 1346 4002 lau-

285 4027 338 4083 dat
357 4030 571 4098 Julianumque
587 4049 601 4083 «
619 4031 773 4097 moderes,
799 4045 890 4101 parce
915 4029 1003 4098 qu‘ils
1025 4031 1144 4086 etaient
1168 4033 1313 4087 romains
1333 4048 1348 4084 ›>

285 4115 346 4168 lmo
360 4115 507 4180 lulianus,
523 4130 623 4182 graeca
636 4117 831 4186 pbilosoplria
844 4115 991 4181 imbutus
1010 4129 1129 4182 graecos
1146 4115 1241 4172 libros
1254 4115 1349 4186 scrip·

285 4199 340 4271 sit3
356 4200 436 4267 quod
455 4199 493 4254 ad
509 4201 549 4254 M.
564 4201 721 4254 Aurelium
739 4200 852 4255 attinet
870 4212 939 4252 mox
958 4198 1142 4256 videbimus.

320 4282 346 4338 3.
369 4283 477 4339 Claud.
491 4278 535 4339 nt.
