3128 4962
500 401 502 405 ·
590 403 632 448 us
656 401 741 449 June
766 401 884 448 mvnn.
1227 378 1269 444 95

207 525 413 611 repelleret
431 549 446 586 >›
472 525 571 600 Quod
590 523 703 608 magis
726 522 770 589 ad
791 521 865 589 fisci
889 520 1075 588 utilitatem
1093 539 1198 607 quam
1224 522 1268 589 ad

202 635 411 726 'aequitatem
442 659 527 706 sane
562 640 763 727 pertinebat
801 659 809 702 t
851 637 1083 724 posteriorum
1125 641 1269 704 aetatum

209 755 443 843 imperatores
467 757 642 822 funestam
672 755 761 821 viam
781 753 871 820 inire
895 771 963 819 non
985 752 1268 819 dubitaverunt:

210 875 301 940 Zeno
316 872 496 939 coustituit
512 879 549 940 ut
564 891 684 938 omnes
702 872 760 957 qui
778 891 850 937 rem
867 869 1020 937 alienam
1038 890 1059 937 a
1076 871 1159 937 fisco
1174 869 1270 937 acci-

210 992 335 1074 perent
357 1005 421 1074 per
450 986 687 1068 donatirinem,
715 989 776 1052 aut
802 985 1049 1066 venditionem,
1077 992 1139 1052 aut
1162 987 1269 1052 alium

210 1104 350 1171 titulum
368 1103 485 1169 statim
505 1102 664 1170 dominos
682 1103 817 1184 fierent,
832 1121 943 1187 neque
956 1102 1060 1168 fiscus
1076 1103 1169 1168 ultra
1182 1121 1272 1187 qua-

211 1219 410 1286 driennium
435 1218 615 1286 conveniri
638 1223 769 1304 posset.
797 1219 891 1284 ldem
914 1217 1141 1304 privilegium
1161 1219 1290 1285 lusti-'

211 1333 339 1400 nianus
356 1328 526 1420 principis
547 1334 602 1399 vel
620 1335 790 1417 Augustae
808 1319 1080 1399 alienationibus
1100 1311 1269 1400 extendit.

257 1452 305 1517 De
327 1449 595 1536 praescriptione
617 1449 714 1533 longi
737 1448 905 1534 temporis
932 1467 1035 1514 unam
1061 1449 1272 1516 decisionem

213 1565 424 1651 reperimus,
453 1561 533 1650 quae
562 1569 675 1630 utrum
709 1564 754 1629 ab
784 1563 958 1630 Antonino
984 1563 1047 1630 Pio
1075 1582 1119 1630 an
1154 1567 1271 1631 Marco

212 1681 328 1748 edicta
341 1681 397 1759 sit,
417 1679 608 1747 dubitatur.
631 1704 647 1741 ‹<
662 1678 854 1766 liescriptis
870 1680 1090 1766 quibusdam,
1111 1682 1161 1748 ait
1178 1685 1273 1748 Mar-

212 1796 354 1878 cianus,
379 1799 418 1862 h.
437 1795 545 1862 Marci
570 1796 639 1874 [vel
665 1794 797 1879 Magni]
816 1775 986 1860 Antonini
1000 1803 1156 1878 cavetur,
1178 1804 1214 1864 ut
1237 1797 1273 1864 in

212 1914 318 1979 rebus
338 1911 523 1978 mobilibus
541 1912 637 1977 locus
654 1910 700 1976 sit
715 1910 973 1997 praescriptioni
992 1911 1166 1979 diuturnae
1190 1932 1274 1998 pos-

213 2028 415 2096 sessionisl.
441 2052 457 2089 »
488 2028 571 2095 lude
600 2026 720 2111 colligi
747 2033 862 2111 potest
889 2028 1000 2093 solam
1026 2027 1271 2114 usucapionem

212 2147 318 2213 rebus
337 2144 523 2212 mobilibus
542 2164 647 2230 usque
670 2145 715 2210 ad
734 2147 798 2210 hoc
817 2149 953 2231 tempus
972 2145 1166 2212 adhibitam
1182 2165 1273 2214 esse.

574 2407 605 2460 Β.
628 2406 669 2460 De
684 2403 919 2461 hereditatibus

259 2610 297 2672 ln
319 2604 574 2673 hereditatibus
592 2604 865 2673 testamentariis
881 2625 996 2692 pauca
1011 2608 1056 2672 M.
1080 2605 1275 2672 Antoninus

216 2722 381 2803 mutavit;
400 2723 444 2788 ab
458 2741 499 2790 eo
513 2727 632 2790 tamen
648 2725 725 2789 haec
742 2724 867 2807 regula
881 2725 1106 2808 pervulgata,
1121 2723 1275 2790 maxime

216 2837 347 2905 rationi
374 2856 544 2923 congrua,
568 2838 769 2904 introducta
791 2843 870 2904 est:
891 2837 1274 2904 Substitutionenivul-

216 2973 341 3039 garem
363 2972 428 3040 pro
446 2954 632 3040 pupillari,
651 2954 863 3040 pupillarem
878 2973 942 3040 pro
961 2954 1100 3039 vulgari
1120 2954 1273 3020 valere³.

217 3071 393 3155 -Magis
417 3069 589 3136 voluntati
616 3071 858 3136 detunctorum
880 3089 985 3156 quam
1011 3070 1175 3136 inanibus
1198 3069 1276 3135 for-

215 3186 320 3252 mulis
339 3189 523 3252 obsecutus
537 3185 717 3252 constituit
734 3191 770 3251 ut
784 3187 850 3252 sub
870 3188 1102 3269 a’ntperp‘ectc⁴
1114 3187 1276 3253 cretione
1365 3231 1366 3235 η

216 3302 319 3367 heres
344 3297 525 3367 institutus
548 3320 613 3387 pro
639 3301 768 3367 herede
792 3300 948 3386 gerendo
977 3321 1020 3369 ex
1042 3320 1121 3368 asse
1143 3299 1276 3368 substi-

216 3420 328 3484 tutum
346 3417 548 3484 excluderet
558 3416 583 3481 l.

254 3651 277 3706 l.
298 3652 401 3705 Instit.
418 3651 452 3719 ΙΙ,
469 3650 497 3722 6,
512 3650 525 3714 S
543 3648 583 3705 44.

251 3733 276 3790 2.
298 3736 327 3790 L.
343 3733 369 3802 9,
386 3736 431 3802 0.,
445 3738 483 3789 de
499 3736 568 3789 htv.
586 3739 726 3803 tempora,
743 3733 786 3803 44,
802 3735 828 3790 3.

252 3819 277 3875 3.
299 3838 313 3872 «
329 3822 395 3873 lam
413 3821 468 3874 hoc
479 3821 549 3889 jure
565 3821 680 3874 utimur
694 3834 732 3874 ex
748 3823 780 3874 ll.
797 3820 891 3874 hlarci
908 3821 940 3873 et
955 3820 1023 3873 Veri
1045 3819 1275 3888 constitutione,

216 3907 250 3960 ut
264 3920 331 3959 cum
346 3915 436 3973 pater
451 3895 601 3973 impuberi
619 3906 679 3959 tilio
696 3906 726 3958 iu
742 3906 874 3969 alterum
890 3919 993 3959 casum
1009 3905 1231 3972 substituisset,
1247 3907 1277 3961 in

216 3997 378 4057 utrumque
392 4003 495 4043 casum
512 3991 709 4045 substituisse
723 3990 927 4056 intelligatur,
942 3991 1008 4044 sivo
1022 3991 1102 4044 tillus
1116 3993 1204 4045 heres
1219 4006 1277 4045 non

216 4075 384 4139 exstiterit,
402 4076 467 4127 sive
483 4075 642 4127 exstiterit
657 4075 688 4128 et
702 4075 842 4144 impubes
858 4075 1036 4128 excesserit.
1047 4090 1063 4126 »
1076 4075 1107 4128 L.
1119 4073 1145 4143 4,
1158 4089 1217 4145 pn,
1231 4077 1276 4143 D.,

217 4159 254 4210 de
272 4159 355 4225 Vulp.
370 4159 499 4225 substet,
516 4156 559 4225 28,
576 4155 602 4212 6.

254 4240 280 4296 4.
301 4242 379 4312 Ulp.,
395 4243 469 4309 lieo.
485 4242 575 4311 XXII,
592 4241 635 4297 34.
