3114 4958
526 409 570 457 ou
592 407 678 458 sunu
701 409 857 460 rosmco.
1182 387 1223 458 1⁷

163 548 228 598 nac
243 529 456 616 posteriores
469 530 646 618 principes
664 532 768 600 aliter
779 552 817 600 se
830 535 1027 618 gesserunt,
1044 551 1169 619 neque,
1185 536 1224 600 ut

164 646 307 732 opinor,
332 665 439 731 agere
462 649 663 760 potuerunt.
692 637 891 719 Hadrianus
909 646 1066 734 quidem,
1092 646 1223 715 ultimis

164 762 265 846 regni
283 762 396 844 annis,
413 781 486 830 ase
501 765 717 833 voluntatem
735 767 880 832 Patrum
894 763 1083 845 alienavit3
1101 783 1224 834 rursus

164 877 261 946 Titus
277 877 471 945 Antoninus
491 881 525 946 et
544 881 682 947 Marcus
706 879 869 948 Aurelius
885 899 945 949 eos
962 899 1098 948 summa
1115 899 1224 952 vene-

163 992 302 1061 ratione
319 994 495 1079 prosecoti
510 997 603 1063 sunt.
626 1020 642 1058 «
656 997 728 1064 Nec
741 995 926 1082 quisquam
941 995 1153 1084 principum,
1172 997 1224 1063 ait

164 1107 399 1193 Capitolinus,
421 1110 572 1197 amplius
592 1116 711 1197 [quam
731 1113 869 1179 Marcus
890 1109 1065 1192 Aurelius]
1083 1110 1223 1180 senatui

164 1222 299 1292 detulit.
327 1226 363 1292 ln
392 1228 515 1293 senatu
542 1230 660 1294 autem
690 1226 1014 1309 honorificentiam,
1044 1227 1161 1296 multi-s
1188 1240 1225 1295 et

163 1337 341 1424 praetoriis
364 1341 399 1406 et
421 1341 665 1409 consularibus
690 1341 840 1428 privatis
863 1341 1056 1410 decidenda
1080 1341 1225 1426 negotia

164 1453 354 1539 delegavit,
370 1475 437 1540 quo
454 1455 568 1539 magis
583 1476 704 1525 eorum
719 1477 795 1524 curn
813 1457 981 1525 exercitio
993 1456 1085 1544 juris
1098 1459 1223 1525 aucto-

163 1569 252 1637 ritas
276 1575 487 1639 cresceret...
525 1571 642 1662 multis
670 1573 892 1640 senatoribus
920 1574 974 1640 vel
1009 1559 1249 1660 pauperibus

163 1685 240 1754 sine
264 1685 408 1754 crimine
433 1685 624 1772 dignitates
651 1687 853 1756 tribunitias
878 1687 1111 1774 aedilitiasque
1138 1707 1225 1756 con-

164 1800 280 1883 cessit,
302 1820 366 1869 nec
382 1821 593 1889 quemquam
612 1803 648 1870 in
664 1803 821 1872 ordinem
839 1804 925 1890 legit
942 1803 1008 1871 nisi
1027 1823 1129 1890 quem
1149 1803 1225 1891 ipse

163 1918 254 1985 bene
270 1916 404 1984 scisset.
420 1919 492 1985 Hoc
507 1938 645 2005 quoque
660 1919 882 1986 senatoribus
899 1918 1024 1987 detulit
1036 1922 1074 1985 ut
1087 1911 1225 2005 quoties
1260 2007 1261 2010 Ἴ

164 2049 286 2099 eorum
312 2030 428 2118 capite
452 2036 544 2099 esset
555 2031 803 2119 judicandum,
825 2037 959 2101 secreto
975 2036 1224 2120 pertractaret,

164 2149 272 2234 atque
290 2146 342 2214 ita
360 2146 394 2213 in
416 2147 593 2234 publicum
611 2146 783 2234 prodirct;
806 2167 869 2216 nec
890 2152 1071 2236 pateretur
1092 2147 1228 2234 equites

165 2281 332 2330 romanos
353 2262 484 2330 talibus
509 2262 679 2330 interesse
696 2264 812 2330 causis
824 2265 877 2331 ¹...
895 2287 912 2327 »
930 2266 1120 2350 Postquam
1140 2262 1226 2331 Avi-

164 2378 244 2446 dius
274 2377 415 2447 Cassius
442 2377 673 2465 interemptus
698 2380 834 2460 fuerat,
862 2380 996 2446 nullum
1028 2382 1226 2447 senatorem

166 2493 284 2581 capite
302 2493 421 2581 puniri
441 2493 571 2572 voluit;
594 2513 658 2562 nec
678 2499 759 2562 ante
780 2495 983 2571 Quadorum
1001 2494 1135 2562 cladem
1151 2495 1227 2560 inc-

162 2611 354 2693 peratorc‘s
377 2607 517 2676 titulum
541 2627 563 2675 a
584 2607 751 2676 militibus
772 2610 892 2677 datum
917 2612 1103 2697 acceperat
1120 2609 1187 2677 nisi
1206 2628 1229 2676 a

166 2723 332 2792 Patribus
345 2725 622 2793 confirmarunt
636 2728 720 2794 Haec
736 2727 812 2793 sola
825 2725 1063 2794 consideranti
1077 2725 1228 2810 Augusti

167 2837 320 2923 vestigia
342 2841 545 2906 constanter
566 2839 884 2906 tenuisseulllarcus
909 2838 1048 2907 videtur
1071 2841 1106 2906 et
1132 2838 1228 2906 illius

167 2953 281 3020 instar
302 2954 525 3040 dyurchium
550 2955 764 3022 constituere
790 2955 961 3036 voluisse,
980 2953 1112 3022 scilicet
1137 2954 1230 3021 inter

166 3067 361 3156 principem
392 3072 428 3136 et
453 3069 587 3137 curiam
611 3070 797 3157 imperium
818 3070 980 3138 divisum.
1004 3045 1091 3148 Quae
1110 3073 1228 3138 tamen
1255 3133 1257 3138 .

168 3185 288 3272 opinio
305 3205 374 3253 non
393 3186 535 3254 omnino
551 3187 795 3273 amplectenda
813 3190 876 3254 est.
890 3187 1058 3263 Quamvis
1074 3186 1167 3254 enim
1184 3187 1229 3254 ab

169 3291 414 3387 antiquissima
436 3303 563 3390 stirpe,
590 3302 659 3370 imo
685 3322 707 3370 a
727 3305 841 3371 Numa
864 3303 1038 3389 Pompilio
1061 3302 1229 3369 oriundus

169 3416 355 3496 diceretur,
382 3416 451 3485 non
475 3417 695 3486 nobilitatem
717 3416 817 3486 unice
839 3418 1040 3499 aestimavit,
1060 3417 1119 3503 qui
1138 3417 1230 3485 scri-

169 3530 240 3617 psit
261 3552 269 3597 :
295 3535 349 3598 «A
367 3533 543 3601 Frontone
563 3532 667 3601 didici
685 3533 926 3618 intelligere...
940 3552 1000 3600 eos
1015 3532 1074 3620 qui
1092 3553 1113 3600 a
1130 3533 1231 3601 nobis

170 3647 310 3733 patricii
332 3649 573 3736 appellantur,
600 3648 848 3736 utplurimum
874 3668 895 3717 a
915 3647 1068 3734 genuino
1091 3647 1231 3735 paterni

173 3763 279 3831 animi
296 3765 421 3832 affectu
439 3765 627 3832 alieniores
639 3768 751 3833 essel.
767 3790 783 3829 »
803 3768 874 3832 Nec
890 3768 1032 3832 senatus
1044 3764 1136 3831 idem
1155 3767 1233 3831 erat

210 3997 233 4053 r.
254 3999 294 4054 u.
312 4002 378 4056 Aac.
395 4001 475 4056 Puer.
494 3998 539 4056 10.

210 4081 235 4139 a.
256 4083 310 4138 mo
325 4085 420 4153 cass,
436 4085 536 4153 uxxr,
554 4083 596 4140 ro.

207 4166 233 4223 3.
259 4190 269 4216 υ
331 4166 385 4222 Ὅτι
394 4169 428 4229 ὡς
442 4167 527 4222 ἐπίπαν
543 4168 566 4222 οἳ
580 4169 722 4234 καλούμενοι
732 4163 798 4222 οὗτοι
811 4166 871 4238 ucp'
880 4168 938 4239 ἡμῖν
951 4167 1099 4239 εὐπατρίδαι,
1114 4166 1235 4238 &propud-

174 4268 237 4322 τεροι
252 4270 302 4314 πως
316 4250 370 4306 εἰσί.
387 4273 400 4302 n
419 4250 470 4315 Ἐις
483 4251 577 4321 ἑαυτόν,
593 4253 614 4323 1,
632 4252 676 4307 ll.
