3128 4962
267 371 325 440 88w
644 389 732 440 nnus
757 389 958 440 rosunurou.

269 517 444 582 noverunt
465 513 549 600 quia
568 531 591 580 a
612 512 824 598 Wisigothis
845 516 1016 582 truncatae
1040 516 1122 581 sunt
1144 535 1151 580 :
1175 515 1331 582 ceterum

270 631 481 718 quandoque
498 632 653 697 Marcum
675 628 787 716 patris
805 631 849 697 ad
870 631 1067 717 exemplum
1084 630 1185 697 Pium
1207 632 1331 718 appel-

270 748 380 814 latum
400 765 476 814 esse
495 757 627 814 certum
645 754 697 815 est
710 750 732 814 ¹.

319 862 354 928 Si
371 881 435 948 per
452 881 609 929 errorem
627 862 681 928 vir
702 870 737 930 et
755 861 882 930 lemina
902 864 1055 929 inutilia
1075 861 1335 930 contraxissent

272 977 517 1060 matrimonia,
538 997 607 1045 non
627 978 881 1064 puniebantur,
904 978 964 1044 sed
986 977 1087 1045 liberi
1111 998 1155 1044 ex
1177 997 1217 1046 eo
1238 978 1334 1045 coitu

272 1093 348 1160 nati
367 1092 516 1178 legitimi
533 1112 600 1160 non
620 1095 873 1161 habebanturl.
887 1093 997 1160 Hodie
1013 1097 1135 1160 contra
1153 1113 1230 1160 cum
1247 1113 1335 1160 con-

267 1208 333 1294 jux
358 1219 505 1294 uterque
522 1208 575 1275 vel
597 1228 686 1276 unns
708 1211 809 1278 bonae
827 1208 906 1276 ndei
926 1214 996 1290 est,
1016 1228 1083 1275 non
1102 1210 1213 1296 spurii
1231 1209 1336 1278 liberi

273 1325 393 1405 sunt³‚
418 1331 453 1389 et
478 1323 739 1391 matrimonium
762 1327 974 1408 putativum
1002 1325 1142 1392 dicitnr.
1174 1327 1286 1409 Quod,
1313 1346 1336 1393 a

273 1439 442 1507 Romanis
459 1439 687 1507 Pontificibus
713 1440 928 1525 generaliter
948 1440 1190 1522 constitutum,
1217 1441 1335 1529 ejure

274 1553 444 1622 canonico
461 1554 494 1620 in
514 1565 671 1621 nostrum
689 1554 921 1623 introductum
942 1555 1026 1622 esti.
1045 1594 1085 1605 -
1104 1559 1187 1626 llaec
1204 1559 1335 1624 huma-

274 1670 420 1738 nissima
442 1669 572 1738 decisio
594 1689 614 1738 e
637 1671 884 1738 constitutione
900 1671 1009 1738 Marci
1026 1673 1199 1756 originem
1222 1673 1333 1760 cepit,

275 1806 296 1853 a
318 1787 497 1854 Marciano
511 1786 763 1873 jurisconsulto
781 1786 829 1853 sic
848 1788 962 1855 relata
982 1808 990 1854 :
1012 1812 1028 1849 «
1047 1788 1125 1855 Divi
1144 1793 1281 1858 Marcus
1299 1795 1336 1858 et

274 1902 401 1971 Lucius
428 1902 661 1990 imperatores
688 1901 820 1970 Flaviae
850 1904 1014 1971 Tertullae
1044 1922 1108 1990 per
1136 1908 1334 1973 Mensorem
1418 1897 1425 1909 ⁴

275 1997 436 2087 libertum
469 2019 521 2086 ita
547 2018 802 2105 rescripserunt
831 2039 839 2084 :
870 2021 1063 2087 Moventur
1090 2024 1125 2089 ct
1157 2024 1335 2105 temporis

275 2137 545 2215 diuturnitate,
589 2154 657 2220 qno
697 2135 834 2219 ignoro
864 2137 970 2218 juris
1010 2137 1051 2202 in
1089 2139 1335 2204 matrimonio

275 2253 452 2320 uonncnli
471 2252 528 2318 tui
543 2231 668 2333 fuisti,
684 2256 717 2317 et
735 2251 831 2335 qnod
846 2251 890 2317 ob
906 2254 993 2317 noia
1011 2256 1074 2318 tun
1092 2254 1268 2320 collocuta
1282 2273 1333 2334 ea,

273 2374 307 2435 et
335 2386 488 2434 nuntero
517 2367 720 2433 liberorum
752 2371 979 2445 vernonium
1009 2369 1222 2454 idcircoque
1249 2386 1335 2437 cuni

274 2487 352 2552 inec
369 2485 494 2550 oniniu
515 2484 684 2548 inunum
708 2487 953 2560 concurrunt,
974 2487 1236 2565 confirmemur
1252 2490 1335 2552 sta-

275 2607 351 2669 tnnt
371 2603 574 2668 liberorum
591 2605 798 2667 nestrorum
824 2601 862 2665 in
881 2619 921 2666 eo
938 2602 1178 2667 nnuntninronio
1196 2605 1335 2686 quoesi-

246 2763 248 2767 -
275 2722 397 2784 torum
412 2717 508 2802 qnod
522 2720 608 2784 ante
622 2734 737 2782 annos
753 2716 1004 2800 qundnnpintu
1022 2719 1250 2784 contractum
1267 2721 1333 2799 cci,

272 2834 433 2917 perinde
451 2836 559 2916 utque
573 2832 605 2897 oi
623 2832 780 2916 legitimi
797 2833 962 2914 concepti
974 2833 1132 2913 fuissent
1144 2832 1168 2898 ⁵.
1185 2856 1202 2894 ›>
1222 2832 1335 2920 Hujus

275 2948 436 3035 rescripti
457 2949 585 3028 verba,
604 2954 639 3015 et
661 2946 730 3014 lext
752 2947 786 3028 3,
809 2947 893 3014 Cod.
916 2950 1003 3013 Just.
1026 2948 1130 3015 Solut
1150 2949 1333 3026 matrim„

276 3073 356 3150 post
371 3067 523 3131 Marcum
541 3062 648 3144 edita,
667 3063 799 3129 nullam
815 3066 885 3129 tum
900 3064 1101 3146 generalem
1118 3062 1336 3131 matrimonii

273 3177 426 3265 putativi
454 3176 735 3245 constitutionem
767 3176 874 3244 fnisse
904 3177 1205 3243 demonstranti:
1240 3177 1335 3262 quod

275 3297 370 3363 certe
386 3292 655 3361 desiderandum
673 3291 760 3370 fuit;
780 3292 872 3359 viam
887 3295 1004 3359 tamen
1018 3291 1198 3378 aperuisse
1214 3295 1335 3360 Marco

276 3412 370 3480 haud
387 3409 555 3478 mediocri
574 3407 698 3477 honori
715 3415 778 3475 est.

312 3582 335 3638 l.
357 3579 439 3636 Suid.
455 3579 561 3634 Lemic.
578 3579 614 3633 V⁰
629 3579 736 3647 Μάρκος.
753 3606 782 3616 -
797 3578 828 3631 L.
845 3575 872 3644 6,
887 3576 941 3646 88,
958 3579 1003 3646 D.‚
1018 3579 1230 3646 collocarat,
1247 3575 1293 3646 27,
1311 3577 1337 3633 l.

308 3666 334 3723 2.
355 3668 386 3721 L.
401 3665 428 3733 3,
444 3666 520 3732 Μ,
537 3666 637 3719 Soluto
651 3665 802 3732 matrim„
818 3659 845 3732 5,
864 3661 905 3718 18.

308 3750 335 3807 3.
355 3749 429 3805 Ood:
444 3748 519 3815 Oiv„
537 3756 596 3804 arn.
612 3746 663 3802 201
679 3748 710 3803 et
725 3745 787 3802 202.

308 3834 334 3890 l.
356 3833 489 3902 potuer,
508 3834 633 3890 contrat
647 3834 854 3902 demoniaca,
869 3844 901 3888 n⁰
916 3830 978 3889 439.

308 3919 335 3977 5.
356 3922 388 3976 L.
403 3919 520 3988 57,sl‚
535 3922 580 3988 D.‚
595 3923 633 3975 cle
649 3921 721 3974 Ritu
736 3917 893 3998 nnpt‚23‚
909 3917 936 3973 2.

308 4005 334 4062 6.
356 4005 468 4063 contra
489 4005 553 4061 vid.
574 4007 698 4073 mayor,
720 4021 767 4074 op.
790 4006 854 4073 cit„
876 4004 899 4060 t.
925 4005 975 4073 ΙΙΙ,
998 4003 1011 4068 S
1034 4001 1104 4074 3233
1128 4005 1334 4076 Demangeet,

276 4094 371 4148 Conna
386 4089 525 4147 clement.
542 4093 580 4145 cte
601 4093 688 4146 Droit
706 4091 847 4160 romain,
864 4104 923 4146 sec.
941 4089 999 4158 ed„
1016 4088 1039 4144 t.
1056 4090 1081 4158 Ι,
1097 4104 1127 4160 p.
1144 4087 1205 4144 252.
1222 4091 1337 4145 -Hoc

271 4178 400 4232 verbum
416 4175 622 4248 «putativum
636 4191 652 4228 »
667 4190 723 4247 pro
736 4192 752 4228 «
765 4174 948 4245 imaginario
961 4191 977 4227 »
991 4173 1071 4246 apud
1087 4176 1240 4230 Romanos
1255 4176 1337 4230 ecci-

272 4262 426 4336 piebeinr.
