3128 4962
339 391 383 458 84
717 413 804 460 Pras
828 413 1027 461 rosrnuron.

358 597 362 602 .
382 533 528 618 Ingenui
553 536 669 600 autem
694 535 852 602 homines
876 536 1049 621 quomodo
1072 537 1187 620 glebae
1210 537 1302 604 servi
1323 536 1403 624 pri-

338 659 431 715 mum
454 649 538 746 facti
562 649 643 732 siut,
666 649 835 716 incertum
858 670 1015 736 quoque;
1042 670 1105 719 nec
1131 655 1194 719 sub
1218 654 1401 720 Hadriano

337 764 480 851 ejusque
501 765 760 834 successoribus
780 764 848 832 ista
870 766 1024 833 deterior
1044 767 1234 835 liberorum
1253 768 1401 853 agrico-

334 882 450 948 larum
467 883 619 951 conditio
632 884 714 970 jure
732 882 885 962 exstitit3
911 889 948 948 at
966 882 1122 949 moribus
1134 882 1210 969 jam
1231 890 1304 950 turn
1324 884 1402 951 ins-

334 997 439 1066 tituta
461 997 762 1082 videtur,'iuvitis
784 997 1076 1084 imperatoribus
1103 998 1138 1064 in
1161 999 1400 1085 vectigalibus

335 1115 433 1200 agris
461 1116 581 1183 forsan
605 1118 640 1181 et
663 1113 698 1180 in
727 1112 948 1180 dominorum
982 1112 1220 1200 potentiorum
1252 1114 1396 1182 fundis:

337 1254 354 1292 «
374 1233 413 1297 D.
433 1230 633 1298 Hadrianus
651 1230 687 1295 in
713 1232 790 1297 haec
808 1230 916 1296 verba
932 1227 1125 1315 rescripsit,
1144 1229 1195 1296 ait
1212 1230 1399 1298 Callistra-

334 1350 389 1413 tus
411 1369 418 1413 :
450 1348 564 1415 Valde
581 1348 808 1413 iuliumouus
825 1364 902 1410 mos
919 1350 970 1411 esl
987 1347 1071 1424 isle,
1094 1364 1162 1430 quo
1183 1347 1400 1413 retinentur

250 1455 252 1458 ’
333 1465 571 1531 conductores
595 1464 836 1548 eeclipqllum
856 1451 1113 1543 publicorum,
1140 1466 1173 1528 el
1201 1481 1395 1546 aprorum,

330 1580 363 1645 si
391 1581 570 1645 lou-tidem
605 1580 725 1645 locari
755 1596 827 1643 uon
854 1579 1029 1673 passini:
1061 1596 1150 1643 uum
1175 1582 1209 1644 el
1234 1578 1396 1660 facilius

331 1696 570 1761 iuoeuieulur
589 1694 845 1773 conductores,
867 1694 900 1758 si
918 1694 1075 1759 scierint
1091 1695 1194 1775 fore,
1217 1699 1258 1761 ul
1277 1696 1311 1760 si
1324 1713 1397 1778 pe-

330 1817 431 1878 rcolo
449 1815 565 1878 lustro
587 1812 778 1878 discedere
799 1812 1003 1892 volueriut,
1024 1830 1097 1877 uou
1119 1817 1316 1890 leueuulur
1329 1816 1353 1880 ¹.
1372 1839 1390 1876 ›>

330 1927 482 2012 Egregie
500 1927 641 2013 quidem
662 1925 809 2004 dictum,
829 1927 889 1992 sed
913 1926 1028 2010 magis
1050 1933 1154 2012 atque
1178 1927 1292 2012 magis
1310 1929 1394 2013 agri

232 2029 239 2040 ’
330 2044 599 2118 deserebantur;
632 2051 808 2128 praeterea
840 2062 874 2108 m
908 2042 995 2128 ipsis
1028 2042 1231 2111 civitatibus
1260 2045 1393 2112 sensim

329 2157 476 2244 quisque
508 2158 542 2223 in
566 2160 688 2225 eadem
720 2167 815 2238 arte,
845 2157 915 2225 imo
943 2157 978 2223 in
1005 2158 1126 2225 eodem
1150 2178 1293 2227 munere
1319 2180 1391 2246 quo

330 2275 428 2360 fungi
455 2277 611 2361 coeperat
632 2292 839 2360 permanere
866 2276 1079 2358 cogebatur;
1105 2274 1188 2359 quid
1211 2274 1337 2342 mirum
1360 2276 1391 2344 si

327 2408 394 2474 par
427 2389 518 2456 ratio
549 2407 670 2476 parem
702 2388 940 2474 agricolarum
969 2388 1203 2456 conditionem
1234 2392 1392 2460 effecerit

328 2523 432 2590 quam
449 2504 648 2571 artificum?
662 2506 733 2571 Nec
748 2504 845 2570 illum
859 2508 988 2570 statum
1004 2523 1124 2571 omnes
1141 2505 1243 2572 liberi
1260 2505 1389 2574 incolae

327 2622 548 2687 abnuebant:
565 2645 582 2681 «
601 2619 789 2687 Tributarii
804 2629 980 2707 pauperes
1000 2625 1034 2687 et
1054 2620 1242 2705 egestuosi,
1262 2621 1312 2688 ait
1326 2641 1389 2689 se-

326 2735 399 2802 rius
419 2735 615 2816 Salvianus,
638 2736 782 2802 tradunt
802 2744 839 2802 'se
860 2736 905 2802 ad
924 2737 1090 2802 tuendum
1106 2738 1388 2822 protegendum-

327 2996 403 3068 1861,
414 3002 443 3070 p.
462 2995 512 3052 181
525 2999 617 3066 seqq.)
634 2996 724 3068 putat
738 2997 769 3052 id
785 2997 880 3052 Marci
896 2995 1010 3052 Aurelii
1027 2996 1058 3052 et
1073 2996 1227 3052 Commodi
1249 2999 1384 3070 rescrip-

323 3084 389 3138 tum
405 3083 443 3138 ad
470 3082 782 3149 Senatuseonsultum,
811 3083 866 3137 sub
889 3082 1042 3137 Hadriano
1066 3081 1193 3151 editum,
1210 3097 1383 3138 accommo-

323 3167 428 3223 datum
443 3167 549 3233 fuisse,
566 3166 645 3235 quod
661 3165 807 3235 Ulpianus
823 3168 866 3222 sio
884 3167 1020 3222 breviter
1040 3167 1168 3238 exponit
1192 3184 1198 3221 :
1220 3183 1235 3220 «
1255 3168 1298 3222 Ea
1313 3181 1383 3236 quae

323 3253 558 3317 wdldusjuuclu
571 3254 652 3314 suut,
672 3250 769 3318 legari
790 3265 848 3306 uon
872 3251 1010 3322 possunt,
1028 3253 1100 3320 quia
1122 3252 1186 3306 haec
1205 3251 1303 3320 legari
1320 3267 1381 3308 non

322 3337 551 3407 posseseratus
567 3336 685 3390 censuit
704 3335 813 3390 Aviola
830 3335 861 3390 et
876 3337 975 3390 Pansa
990 3336 1174 3392 consulibus.
1191 3352 1206 3388 »
1231 3335 1260 3403 (l.
1277 3334 1310 3389 lt
1327 3343 1340 3407 g
1357 3336 1383 3406 l,

322 3426 360 3477 de
375 3424 430 3491 leq.
448 3422 469 3489 I,
485 3420 548 3486 llll:
569 3420 616 3475 liis
633 3421 736 3474 verbis
756 3420 898 3488 quidquid
918 3421 956 3476 ad
969 3424 1182 3476 ornamentum
1200 3420 1248 3474 vel
1262 3421 1382 3476 utilita-

322 3503 384 3563 tem
399 3507 562 3562 t'undorum
577 3505 732 3560 conferret
745 3505 940 3574 designatum
956 3505 1051 3561 fuisse
1066 3505 1165 3576 putat,
1181 3505 1211 3561 el
1225 3504 1309 3576 ipsos
1321 3519 1385 3560 ser-

322 3606 388 3647 vos.
409 3593 479 3652 Quae
503 3591 604 3660 opinio
628 3605 685 3644 non
711 3591 787 3645 satis
812 3591 1010 3659 comprobata
1033 3590 1107 3644 mitti
1134 3589 1288 3656 videtur:
1309 3590 1382 3659 jure

320 3691 446 3732 romano
462 3677 542 3731 enim
555 3679 635 3731 cedes
652 3676 932 3742 vocanturproediu
948 3678 1069 3728 urdene
1086 3675 1133 3728 vel
1144 3674 1284 3740 aedificia
1296 3691 1307 3724 :
1322 3687 1383 3729 non

320 3761 405 3816 fundi
424 3761 610 3831 velpraedia
631 3761 757 3822 rustica,
781 3763 812 3812 et
837 3759 1135 3813 senatusconsultum
1155 3757 1380 3829 supradictum,

321 3846 451 3900 aliarum
466 3847 566 3914 legum
581 3845 690 3913 instar,
705 3860 742 3899 ne
752 3847 825 3898 urbs
838 3845 940 3898 ruinis
955 3845 1191 3908 deformaretur
1204 3841 1380 3912 providisse

321 3930 488 3985 verisimile
502 3932 557 3985 est.
570 3931 629 3984 Nec
643 3930 741 3997 magis
753 3929 883 3990 admitto
895 3930 1064 3996 inquilinos
1076 3927 1180 3996 quales
1194 3940 1246 3981 eo.»¹
1260 3926 1292 3980 in
1304 3927 1382 3981 Pan·

320 4015 417 4070 dectis
433 4015 621 4082 invenimus,
638 4014 676 4068 iis
695 4028 769 4082 quos
784 4013 945 4067 Theodosii
966 4017 996 4067 et
1010 4011 1173 4067 iustiniani
1189 4010 1309 4065 codices
1326 4025 1379 4065 no·

320 4100 438 4155 minant
453 4100 576 4155 omnino
592 4099 757 4154 dissimiles
778 4099 883 4163 luisse,
900 4113 1072 4167 quanquam
1089 4096 1227 4151 eamdem
1243 4095 1381 4167 appella-

319 4183 433 4239 tionem
449 4185 545 4240 variis
558 4197 759 4255 personarum
773 4183 935 4251 generibus
951 4181 1056 4237 datam
1072 4181 1239 4238 notandum
1255 4181 1313 4237 esi.

357 4267 379 4324 l.
401 4273 431 4324 L.
448 4269 464 4325 3
479 4269 492 4334 S
507 4269 533 4340 o,
550 4271 595 4339 D.,
608 4269 731 4334 dejure
745 4268 826 4336 fisci,
842 4265 885 4337 tn,
902 4264 942 4321 ll.
1297 4274 1299 4282 ·
