3128 4962
289 360 331 426 80
665 379 751 426 rans
775 378 975 428 eosrnnron.

287 503 491 570 colonorum
507 499 616 586 igitur
629 518 811 568 numerum
827 499 949 588 quinto
964 503 999 569 et
1016 504 1116 570 sexto
1129 506 1209 590 post
1225 503 1350 574 Chris-

286 621 359 685 tum
376 615 514 685 saeculis
531 616 567 684 in
581 615 785 684 immensum
805 618 956 686 crevisse
972 617 1139 686 credibile
1154 623 1218 702 est,
1235 640 1350 708 neque

288 735 352 800 boc
369 731 580 815 mirandum,
605 753 682 800 cum
705 733 772 818 ipsi
792 734 997 800 decuriones
1021 733 1169 806 muneri.
1193 735 1350 804 artifices

286 848 359 917 lere
382 868 502 918 omnes
519 850 618 936 operi
638 849 884 936 alligarentur,
903 855 938 918 et
961 870 1037 918 cum
1061 851 1189 932 singuli
1213 853 1351 939 pariter

286 969 415 1033 statum
433 969 570 1034 mutare
588 966 800 1051 gravissima
817 971 962 1054 propter
982 986 1092 1035 onera
1108 967 1351 1036 desiderantes

285 1081 322 1150 in
346 1102 410 1148 sna
431 1083 630 1150 conditione
648 1084 692 1149 ab
710 1082 998 1169 imperatoribus
1019 1086 1147 1152 bonum
1170 1085 1350 1170 privatum

285 1200 543 1287 publicumque,
563 1201 601 1265 ut
623 1199 716 1285 apud
738 1199 944 1280 αὐτοκράτορας
962 1198 1039 1267 fieri
1065 1201 1165 1282 solet,
1186 1201 1352 1287 allegan-

285 1317 396 1398 tibus,
418 1316 651 1384 retinerentur
666 1319 686 1383 ¹.
707 1320 878 1384 —Unam
900 1317 937 1385 in
955 1318 1192 1405 provinciam,
1215 1318 1352 1387 scilicet

284 1432 528 1514 Palaestinam,
552 1433 809 1509 Valentiniani,
837 1433 1022 1500 Theodosii
1048 1438 1082 1501 et
1105 1434 1246 1502 Arcadii
1267 1436 1352 1522 pla-

285 1548 391 1615 citum
415 1565 543 1615 novum
566 1546 626 1633 jus
648 1547 886 1615 introduxisse
909 1548 1059 1630 videtur,
1080 1547 1291 1634 jamdudum
1311 1550 1350 1616 in

285 1662 366 1730 aliis
380 1661 516 1729 romani
531 1661 626 1729 orbis
643 1662 832 1748 provinciis
853 1663 1030 1731 usitatum.
1049 1687 1065 1725 «
1078 1667 1161 1732 Cum
1180 1684 1243 1751 per
1256 1665 1350 1733 alias

283 1776 526 1866 provincias...
543 1781 604 1844 leuc
624 1797 647 1844 a
663 1780 868 1862 majoribus
883 1781 1081 1848 constituta
1098 1781 1240 1846 colonos
1258 1800 1351 1866 quo-

285 1894 365 1961 dam
392 1893 600 1961 aeternitatis
620 1893 702 1980 jure
728 1893 924 1962 detineat...
946 1913 1057 1980 neque
1082 1894 1118 1962 id
1144 1895 1349 1964 Palaestinae

284 2009 476 2097 provinciae
502 2009 763 2096 possessoribus
792 2011 1073 2094 suffragetnrl...
1099 2034 1115 2073 >›
1142 2011 1239 2078 Unde
1260 2030 1350 2078 con-

284 2125 376 2193 cludi
396 2129 511 2212 potest
529 2128 621 2210 depes
638 2145 662 2193 a
682 2127 888 2210 nzajortbus
904 2127 1131 2206 constitutae,
1153 2125 1212 2194 i.e.
1230 2124 1348 2212 impe-

284 2241 438 2308 ratorias
461 2239 727 2308 constitutiones
750 2240 928 2324 agricolas
950 2241 1079 2310 liberos
1104 2239 1205 2326 quasi
1232 2246 1348 2308 terrm

283 2359 429 2424 εθνυοεθ
446 2357 614 2424 effecisse.
634 2359 754 2442 Neque
769 2356 831 2422 illa
848 2356 966 2443 opinio
984 2355 1124 2424 omnino
1139 2355 1345 2442 rejicienda,

285 2473 414 2560 quippe
433 2493 513 2560 quae
532 2472 744 2540 aveteribns
761 2472 988 2540 historiarum
1010 2471 1240 2559 scriptoribus
1257 2492 1347 2540 con·

283 2593 425 2659 firmata
440 2591 497 2658 sit.

332 2709 434 2793 Apud
469 2706 668 2774 Suetonium
707 2706 856 2790 legimus
889 2727 911 2773 a
945 2707 1084 2774 Caesare
1119 2708 1277 2791 Angusto
1308 2707 1346 2773 in

281 2821 452 2911 proximis
473 2824 593 2891 Rheno
619 2821 716 2908 agris
739 2822 935 2889 debellatos
959 2822 1131 2890 barbaros
1151 2821 1345 2889 collocatos
1372 2803 1376 2812 ¹

283 2941 394 3023 ossei,
421 2941 513 3028 quod
537 2940 734 3026 exemplum
754 2937 930 3026 principes
953 2935 1095 3024 plurimi
1117 2937 1226 3004 secuti
1249 2941 1343 3006 sunt.

282 3056 465 3125 Dedititios
476 3057 714 3143 populospost
726 3053 1045 3122 Marcomannicum
1060 3053 1190 3120 bellurn
1203 3055 1345 3120 Marcus

282 3173 476 3241 Antoninus
493 3173 529 3240 in
546 3171 684 3238 ltaliam
704 3170 873 3250 traduxit,
893 3171 937 3236 ad
953 3174 1067 3236 terras
1086 3169 1251 3235 colendas
1267 3166 1344 3236 sine

282 3289 386 3357 dubio
404 3288 480 3375 jam
497 3290 570 3354 turn
588 3286 746 3384 inaratae
763 3289 798 3352 et
817 3287 974 3352 desertas
986 3285 1010 3350 ⁵.
1031 3286 1073 3349 Et
1095 3285 1140 3350 ab
1161 3283 1236 3368 ejus
1260 3301 1344 3350 suc-

281 3405 479 3472 cessoribus
502 3402 593 3470 idem
615 3402 744 3469 factum
770 3421 846 3468 esse
870 3399 1064 3486 saepissime
1089 3400 1244 3466 referunt
1268 3401 1343 3464 Eu-

165 3501 170 3510 ’
283 3519 431 3606 tropius,
450 3517 666 3599 Ammianus,
683 3517 870 3602 ceterique.
890 3515 956 3592 Qui
972 3535 1058 3596 mos,
1077 3515 1172 3582 haud
1186 3516 1230 3581 ab
1249 3514 1344 3580 anti-

319 3825 343 3878 l.
364 3839 380 3876 «
401 3825 461 3877 Hoc
484 3822 515 3876 et
536 3821 658 3876 domino
679 3820 710 3876 et
731 3819 875 3888 agricolis
897 3817 1003 3873 utilius
1024 3817 1081 3872 est.
1100 3833 1114 3870 »
1141 3818 1171 3870 L.
1200 3813 1342 3884 18,c.J.,

285 3911 323 3964 de
337 3909 496 3977 apricola's,
514 3905 555 3972 ll,
570 3903 613 3960 ll.

318 3992 343 4048 A.
364 3995 394 4048 L.
414 3991 436 4046 l.
453 3994 482 4046 O.
498 3993 533 4046 J..
547 3995 584 4046 dc
599 3993 654 4046 ccl.
671 3992 740 4046 Pol.
758 3990 799 4056 ll,
818 3987 862 4042 50.

316 4078 342 4134 3.
363 4080 393 4132 L.
409 4077 499 4144 unic,
512 4077 542 4131 0.
558 4077 595 4145 J,
611 4079 648 4130 de
662 4077 719 4130 col.
739 4076 850 4129 Thrac.
868 4072 910 4135 ll,
923 4069 968 4138 5³,
986 4070 1044 4126 etc.

319 4161 346 4218 l.
366 4165 492 4231 nuncet.
505 4159 550 4217 21.

317 4243 343 4302 5.
366 4245 494 4316 capitol.
510 4246 551 4301 M.
565 4247 634 4300 Ant.
647 4245 728 4300 Phil.
744 4242 787 4300 22.
804 4242 867 4297 Dio.
882 4254 963 4311 nxxr,
982 4237 1024 4294 ll.
