3114 4958
297 417 342 486 42
715 437 801 486 runs
825 439 940 488 rnron.

297 563 419 654 pondi.
444 563 545 642 Quod
578 563 607 631 si
628 563 706 650 quis
727 564 842 632 adbuc
863 563 994 650 pergit,
1024 563 1187 650 cuiquam
1216 562 1360 632 illorum

299 681 479 766 negotium
497 685 671 749 facessere
687 699 730 748 ex
748 699 788 748 eo
806 679 899 766 quod
915 678 1127 747 christianus
1144 679 1201 762 sit,
1220 680 1362 756 delatus

301 796 439 884 quidem
480 795 626 864 crimine
670 795 888 875 absolvatur,
926 798 1063 863 tametsi
1103 797 1238 863 constet
1278 814 1361 863 eum

298 911 424 1000 reipsa¹
441 911 669 979 christianum
695 930 783 978 esse.
808 913 961 978 natator
986 917 1109 979 eutem
1136 914 1214 994 ipse
1230 930 1363 996 poenas

299 1030 391 1096 luat.
410 1026 597 1114 Proposita
616 1006 745 1113 Ephesi
761 1026 795 1092 in
825 1027 964 1113 publico
993 1030 1163 1096 conventu
1191 1027 1319 1095 Asiae'.
1339 1052 1358 1090 »

342 1147 452 1212 Nemo
472 1144 616 1230 ignorat
633 1138 765 1220 Quadis
788 1144 923 1210 cladem
940 1163 1004 1231 per
1020 1142 1156 1214 nimbos
1174 1147 1208 1212 et
1227 1143 1361 1212 tulmen

297 1259 486 1342 incussam,
505 1266 540 1327 et
557 1259 707 1345 legionis
721 1258 923 1326 christianae
942 1257 1117 1346 precibus
1136 1257 1166 1326 si
1181 1259 1364 1327 ecclesias-

298 1374 376 1443 ticis
397 1374 624 1462 scriptoribus
646 1374 822 1455 credatur,
840 1374 1007 1442 debitam.
1030 1399 1049 1454 «¹
1062 1373 1189 1442 Scribit
1205 1377 1362 1455 [Tertul-

298 1490 457 1584 lianus]2u
475 1491 612 1558 litteras
635 1489 745 1557 Marci
762 1489 964 1574 gravissimi
985 1489 1209 1576 imperatoris
1242 1491 1361 1558 adhuc

298 1626 363 1674 sua
379 1608 484 1675 aetate
506 1606 694 1687 exstitisse,
717 1605 842 1692 quibus
864 1609 1054 1673 testaretur
1078 1605 1270 1674 exercitum
1293 1625 1360 1672 ro-

298 1741 438 1790 manum
457 1721 491 1788 in
508 1721 709 1808 Germania,
725 1740 803 1789 cum
819 1741 921 1809 aquae
934 1721 1083 1808 penuria
1094 1720 1243 1814 jamjam
1257 1721 1360 1808 peri-

296 1841 394 1906 turus
423 1841 525 1916 esset,
556 1838 831 1906 Christianorum
863 1838 1026 1925 precibus
1052 1857 1128 1907 esse
1161 1842 1355 1907 servatum.

296 1956 464 2024 Eumdem
481 1974 618 2042 quoque
644 1954 837 2041 principem
854 1954 981 2042 capitis
999 1974 1140 2041 poenam
1160 1954 1358 2022 commina-

296 2075 368 2139 tum
401 2090 477 2138 esse
505 2070 590 2138 dicit
616 2070 880 2139 accusatoribus
906 2049 1198 2140 Christianorum.
1223 2069 1359 2144 Quibus

199 2184 202 2189 ’
296 2187 366 2255 ista
382 2186 584 2275 subjungit:
601 2187 759 2262 «Quales
776 2205 861 2272 ergo
877 2187 974 2271 leges
989 2187 1066 2256 istae
1078 2206 1166 2274 quas
1185 2188 1359 2255 adversus

295 2321 359 2370 nos
379 2302 444 2370 soli
467 2306 631 2371 exercent
649 2303 760 2389 impii,
783 2302 917 2390 injusti,
940 2307 1068 2381 truces,
1091 2303 1189 2384 uani,
1212 2302 1358 2370 demen—
1430 2279 1436 2292 ⁸

209 2483 213 2494 ,
295 2419 374 2485 test
399 2437 487 2504 quas
514 2418 700 2506 TraJ‘anus.
714 2439 758 2486 ex
779 2423 881 2506 parte
903 2419 1093 2488 frustratus
1119 2423 1183 2501 est,
1204 2418 1357 2486 vetando

295 2534 425 2622 inquiri
442 2534 670 2618 Christianos,
689 2555 777 2621 quas
796 2536 912 2602 nullus
926 2533 1139 2615 Hadrianus
1153 2553 1357 2621 quanquam

295 2649 537 2718 curiositatum
557 2651 711 2718 omnium
734 2652 950 2737 explorator,
970 2651 1086 2720 nullus
1101 2651 1355 2738 Vespasianus,

295 2787 495 2854 quanquam
520 2768 720 2836 Judaeorum
749 2769 956 2850 debellator,
979 2769 1095 2838 nullus
1117 2768 1220 2848 Pius,
1239 2769 1356 2837 nullus

295 2887 409 2952 Verus
425 2884 650 2970 impressum
670 2909 685 2946 >›
706 2885 821 2972 Aliqui
846 2885 953 2953 etiam
977 2885 1095 2956 dicunt
1123 2884 1308 2973 epistolam
1334 2905 1357 2952 a

331 3200 356 3256 l.
379 3200 488 3256 Euseb.
504 3201 585 3254 Hist.
600 3201 684 3267 eccl,
701 3213 742 3269 iu,
758 3200 785 3256 3.

328 3282 355 3340 2.
377 3282 576 3354 apompeus.

328 3369 355 3426 3.
376 3369 485 3426 Euseb.
502 3371 540 3425 H.
556 3369 641 3437 ecel,
656 3383 687 3437 v,
702 3367 728 3425 5.
745 3399 778 3410 -
793 3373 879 3427 Oros.
893 3383 948 3425 vu.
963 3368 990 3425 5.
1007 3386 1023 3424 «
1033 3369 1165 3427 Exstare
1177 3368 1355 3424 etiamnunc

294 3453 375 3527 apud
387 3454 549 3526 plerosque
560 3455 707 3509 dicuntur
721 3453 834 3510 litterae
847 3455 921 3526 Imp.
934 3453 1079 3510 Antonini
1090 3453 1142 3508 ubi
1158 3452 1354 3508 invocatione

293 3539 425 3595 nominis
440 3538 551 3595 Christi
571 3553 626 3610 per
642 3539 757 3596 milites
775 3539 962 3595 christianos
983 3538 1014 3595 et
1038 3539 1123 3595 sitim
1144 3537 1230 3593 illam
1250 3536 1354 3608 depul-

294 3615 360 3680 sam
375 3624 406 3679 et
420 3621 563 3678 collatam
580 3622 698 3680 fatetur
713 3623 809 3681 fuisso
824 3624 999 3680 victoriam.
1016 3641 1031 3677 »
1046 3654 1082 3664 -
1094 3623 1210 3694 Xiphil.
1227 3637 1308 3691 cxxi,
1324 3621 1352 3678 9.

293 3723 310 3762 r<
324 3708 377 3764 His
391 3708 483 3764 rebus
498 3709 635 3763 Marcum
648 3707 847 3766 vehementer
859 3707 1117 3781 obstupefactum,
1132 3706 1235 3765 edicto·
1249 3707 1351 3763 chris·

292 3791 394 3848 tianos
415 3793 582 3849 honorasse
601 3793 760 3864 ipsamque
787 3793 937 3864 legionem
960 3795 1220 3849 Fatmtnctrtcem
1244 3792 1351 3865 appel-

293 3877 384 3950 lasse,
400 3877 491 3946 atque
504 3876 597 3932 hisde
606 3877 697 3933 rebus
709 3878 841 3949 epistola
850 3879 943 3934 etiam
955 3879 1050 3933 Marci
1060 3878 1323 3934 exstaredicr'tur.
1337 3896 1353 3931 »

292 3992 325 4002 -
347 3962 540 4035 Rescriptum
568 3963 717 4020 exscribit
742 3965 892 4020 Baronius
911 3964 950 4020 ad
970 3978 1040 4018 ann.
1064 3961 1113 4017 176
1128 3981 1133 4017 :
1151 3980 1167 4016 «
1238 3965 1352 4020 censeo

293 4048 396 4104 autem
413 4048 563 4104 neminem
577 4048 656 4118 quod
668 4049 856 4106 christianus
872 4049 913 4106 sit
927 4063 995 4105 esse
1005 4049 1036 4103 in
1051 4049 1165 4104 crimen
1181 4049 1212 4104 et
1226 4049 1257 4104 in
1267 4049 1351 4119 judi-

293 4134 373 4189 cium
397 4133 578 4189 vocandum.
603 4133 684 4196 Quod
710 4134 735 4191 si
759 4135 827 4204 quis
849 4134 993 4189 inventus
1017 4133 1111 4188 fuerit
1132 4133 1259 4188 crimini*
1278 4134 1352 4191 dare

293 4217 426 4289 cuipiam
436 4217 515 4287 quod
526 4217 713 4274 christianus
728 4218 779 4285 sit,
792 4218 820 4272 ei
836 4217 959 4287 quidem
973 4217 1025 4287 qui
1040 4217 1070 4272 in
1085 4216 1200 4271 crimen
1211 4219 1350 4286 vocatur,

295 4301 493 4358 manifestum
508 4302 573 4359 fieri
588 4301 669 4374 volo,
685 4303 711 4359 si
731 4302 807 4359 nihil
827 4302 911 4358 aliud
933 4300 1087 4372 objectum
1103 4300 1151 4356 cst
1166 4315 1256 4370 quarn
1272 4303 1351 4370 quod
