3128 4962
271 408 316 474 64
689 428 773 476 ruas
797 430 912 477 aaron.

271 551 341 618 lam
365 550 523 635 indigere
546 551 617 618 filio
643 571 758 638 posse,
783 552 866 637 quia
888 551 1020 618 nullum
1042 550 1149 618 alieni
1171 551 1329 618 criminis

272 686 504 733 successorem
537 668 593 734 lex
624 671 837 754 patereturl.
874 671 910 734 ln
945 667 1070 734 Codice
1108 667 1328 752 Gregoriano

271 780 384 871 (le,
409 784 467 869 20)
489 788 524 849 θῖ
542 784 636 868 apud
655 787 819 850 Sanctum
842 783 1075 868 augustinum
1093 785 1152 860 (αθ
1172 785 1326 868 Coajup.

272 901 389 965 adult.
412 901 454 980 ΙΙ,
475 899 508 978 7)
531 899 739 986 rescriptum
759 899 924 966 Antonini
947 899 1128 986 qu'usdam
1152 898 1330 986 reperitur

271 1014 330 1080 ubi
345 1014 494 1098 legimus
513 1035 521 1080 :
544 1039 559 1075 «
575 1015 801 1100 periniquum
819 1014 904 1080 mihi
919 1014 1058 1081 videtur
1075 1033 1152 1082 esse
1166 1019 1205 1081 ut
1223 1013 1330 1101 pudi-

271 1131 390 1197 citiam
409 1130 460 1196 vir
476 1133 520 1198 ab
540 1150 650 1197 uxore
668 1131 808 1216 exigat,
828 1150 933 1217 quam
951 1130 1028 1217 ipse
1045 1150 1113 1198 non
1130 1133 1284 1198 exhibet.
1306 1155 1324 1193 »

272 1249 358 1323 Quae
375 1247 476 1332 origo
493 1250 546 1314 est
563 1251 693 1314 nostrae
709 1247 798 1332 legis
817 1268 826 1313 :
847 1272 863 1308 ‹<
881 1247 1079 1314 L’adultere
1094 1249 1136 1314 de
1154 1249 1189 1314 la
1202 1248 1329 1315 femme

270 1383 314 1430 ne
332 1383 464 1450 pourra
480 1366 555 1429 etre
572 1363 727 1430 denonce
744 1381 811 1449 que
830 1382 896 1448 par
911 1364 943 1430 le
961 1363 1051 1429 mari
1068 1385 1076 1428 :
1093 1367 1183 1430 cette
1198 1363 1329 1431 lacultd

271 1482 382 1545 meme
408 1497 546 1545 cessera
573 1479 627 1544 s'il
649 1482 702 1545 est
728 1479 816 1545 dans
842 1479 874 1546 le
902 1498 962 1545 cas
989 1479 1099 1564 prevu
1122 1498 1187 1564 par
1211 1479 1328 1545 l’arti-

270 1595 322 1661 cle
348 1595 412 1660 339
422 1597 448 1661 Ι.
473 1619 489 1656 »
515 1631 557 1643 -
586 1595 671 1670 Quis
695 1594 740 1661 sit
765 1594 822 1661 hic
846 1595 1040 1661 Antoninus
1069 1613 1136 1661 non
1162 1599 1325 1661 certum:

269 1710 426 1776 nonnulli
451 1714 575 1796 putant
609 1713 763 1776 Marcum
796 1709 899 1795 hujus
931 1709 1118 1777 decisionis
1148 1714 1327 1778 auctorem

269 1825 407 1892 fussee.
427 1825 551 1911 Utique
573 1845 616 1892 ea
639 1826 795 1893 notanda
816 1829 869 1893 est
892 1846 970 1893 cum
995 1832 1119 1892 contra
1141 1828 1328 1910 generales

264 1940 357 2028 juris
388 1943 529 2026 regulas
560 1941 735 2027 quoddam
765 1941 1059 2028 compensationis
1088 1960 1199 2026 genus
1236 1942 1269 2008 in
1273 1946 1328 2010 ter

267 2056 415 2124 crimina
433 2056 665 2123 admiseritet
653 2056 894 2123 tadulterium
920 2056 1039 2123 uxoris
1061 2062 1168 2142 propt
1169 2077 1207 2123 er
1228 2059 1329 2124 adul-

268 2173 392 2240 terium
422 2172 541 2241 mariti
570 2172 803 2239 excusaverit
835 2173 933 2247 Quod
958 2172 1052 2258 apud
1085 2191 1148 2238 nos
1174 2172 1226 2238 int
1213 2172 1326 2256 telligi

268 2308 312 2373 po
316 2292 383 2354 ttes
400 2287 482 2373 quia
501 2287 676 2374 privatum
694 2287 799 2354 delict
786 2292 857 2353 tum
874 2289 972 2354 adult
961 2286 1086 2354 terium
1101 2293 1198 2369 θεῖ,θ
1180 2289 1326 2373 etapud

267 2402 381 2469 virum
408 2422 544 2488 quoque
571 2403 803 2488 puniendum,
829 2402 1021 2470 minoribus
1048 2406 1166 2470 tamen
1191 2403 1323 2490 poenis;

267 2522 388 2587 Romae
411 2523 527 2585 autem
553 2519 663 2585 cuivis
686 2537 705 2585 θ
732 2520 862 2604 populo
886 2520 1083 2586 adulteram
1111 2539 1255 2586 uxorem
1274 2520 1327 2586 in-

267 2654 389 2702 cusare
410 2633 550 2717 licebat,
570 2634 699 2701 nemini
717 2643 834 2703 autem
852 2634 963 2702 virum
976 2633 1001 2701 l.

266 2829 316 2884 tus
329 2827 398 2898 erit,
411 2827 445 2882 ut
457 2827 524 2882 Divi
535 2827 658 2884 Fratres
671 2826 898 2898 rescripserunt
911 2841 1047 2898 supereo
1059 2829 1108 2897 qui
1124 2843 1180 2898 per
1189 2829 1325 2884 furorem

266 2916 396 2970 matrem
421 2915 586 2969 necaverat
611 2932 617 2968 ε
643 2928 713 2969 narn
736 2913 877 2970 sufficere
903 2913 1008 2969 furore
1029 2915 1095 2984 ipso
1117 2929 1185 2968 eum
1206 2915 1323 2985 puniri,

267 2999 505 3066 diligentiusque
531 2999 763 3054 custodiendum
785 3013 869 3067 esse,
895 3000 948 3054 aut
970 2999 1065 3054 etiam
1085 2999 1216 3055 vinculis
1237 3015 1324 3054 coer·

266 3088 400 3143 cendum,
419 3105 434 3141 »
450 3089 479 3141 L.
496 3086 522 3155 9,
537 3087 549 3152 S
562 3087 588 3142 0.
605 3091 650 3159 D.,
667 3091 704 3144 αθ
719 3090 783 3157 leue
796 3090 908 3156 Pomp.
921 3086 966 3158 08,
981 3085 1008 3144 0.
1026 3087 1104 3143 Add.
1120 3089 1141 3143 l.
1159 3087 1201 3157 13,
1218 3087 1271 3157 Sl,
1287 3092 1325 3143 αθ

265 3172 370 3240 officio
378 3173 536 3240 praesidis,
552 3170 577 3240 l,
596 3171 636 3227 18.

303 3256 326 3311 Ι,
348 3257 377 3310 L.
395 3253 439 3310 00.
454 3259 496 3323 D.,
507 3259 544 3312 αθ
550 3259 664 3324 ρθθθὶε,
676 3255 719 3325 08,
734 3255 775 3311 10.
787 3256 887 3312 Avidii
899 3257 995 3312 Cassii
1013 3255 1164 3327 proximis
1175 3257 1321 3328 pepercit.

300 3339 327 3395 0.
347 3339 424 3395 00οθ
438 3341 539 3409 Peual‚
563 3339 625 3409 330,
646 3339 708 3396 329.
725 3359 741 3395 «
757 3343 795 3396 Le
817 3341 894 3396 mari
911 3341 962 3410 qui
980 3355 1056 3396 aura
1073 3344 1242 3397 entretenu
1265 3355 1324 3396 une

266 3424 433 3479 concubine
446 3423 522 3480 dans
538 3424 568 3480 la
582 3426 699 3482 maison
709 3425 880 3496 conjugale,
892 3426 924 3480 θῖ
938 3425 988 3494 qui
1004 3439 1081 3480 aura
1096 3426 1145 3482 ete
1156 3427 1324 3481 couvaincu

266 3521 319 3564 sur
331 3508 361 3563 la
375 3509 495 3579 plainte
508 3508 545 3564 de
564 3509 594 3564 la
611 3510 733 3580 femme,
745 3523 814 3566 sera
828 3509 902 3581 puni
916 3507 1004 3563 d'une
1022 3508 1151 3564 amende
1168 3509 1205 3564 de
1221 3507 1272 3564 100
1283 3510 1323 3564 fr.

266 3592 381 3661 alodo
393 3594 535 3649 francs
1181 3585 1184 3590 ’
1403 3587 1408 3594 ’

300 3676 719 3734 3.LeNa1ndeT11lemont
734 3694 781 3748 op.
796 3681 848 3734 cit
865 3679 898 3749 ΙΙ,
914 3694 944 3749 p.
960 3676 1022 3733 324.

300 3759 510 3831 l.L.3l..‚D
531 3765 604 3817 θαΙ
605 3764 734 3832 austu
754 3764 908 3818 αθθαθΙῖ.
877 3758 1067 3830 Ιο8,.5-
1087 3737 1268 3831 lel‚.,D
1287 3765 1325 3816 αθ

265 3851 471 3920 verdsipuif.
497 3849 592 3920 0,16.

407 3949 543 4016 Ecastor,
560 3949 626 4018 lege
639 3949 716 4005 dura
727 3949 837 4005 vivunt
852 3948 995 4003 mulieres

405 4033 561 4101 Multoque
576 4033 726 4102 iniquiore
740 4048 830 4103 quam
846 4033 917 4088 viri.

404 4121 480 4173 Nam
495 4117 520 4174 si
536 4118 586 4172 vir
601 4120 736 4174 scortum
748 4118 838 4174 duxit
853 4117 931 4173 clam
948 4131 1075 4172 uxorem
1086 4130 1184 4184 suam,

406 4201 438 4258 ld
454 4203 480 4260 si
491 4201 621 4259 rescivit
636 4216 726 4272 uxor,
742 4203 864 4274 impune
874 4201 912 4257 'st
926 4201 1005 4256 viro.

744 4287 853 4355 (Plaut.
867 4287 1029 4352 Mercator,
1044 4299 1074 4341 v.
1091 4281 1141 4339 700
1157 4287 1251 4354 seqq)
