3114 4958
716 448 804 496 PARS
826 449 943 496 PRIOR.

596 709 616 790 ξ
642 704 672 772 l.
698 741 740 756 -
763 708 816 772 De
829 706 1065 790 principatu.

346 928 485 995 Primus
500 926 740 1014 imperatoria
768 928 954 1014 potestatis
977 929 1139 998 conditor
1167 930 1357 1012 Octavius,

301 1065 380 1113 cum
395 1037 614 1131 principatus
629 1043 769 1111 nomine
790 1063 914 1111 munus
935 1063 1078 1127 novum,
1102 1045 1182 1114 aliis
1197 1047 1360 1116 omnibus

301 1181 357 1241 re,
376 1180 445 1228 non
462 1162 569 1228 verbo
583 1159 757 1246 superius,
777 1163 944 1242 creasset,
965 1160 1052 1228 nihil
1069 1162 1185 1230 adhuc
1198 1163 1359 1246 ignotum

301 1277 358 1344 vel
377 1275 582 1344 inusitatum
596 1275 632 1342 in
650 1274 827 1343 civitatem
853 1274 1041 1344 introferre
1064 1281 1275 1358 curaverat,
1293 1298 1360 1347 nec

302 1392 405 1461 facile
416 1391 571 1460 creditur
582 1390 682 1460 Dioni
698 1411 777 1459 eum
793 1391 1002 1459 memoranti
1015 1412 1037 1460 a
1053 1396 1179 1461 senatu
1194 1395 1358 1462 omnibus

301 1509 440 1594 legibus
455 1509 607 1576 solutum
622 1527 699 1575 esse
711 1509 736 1576 ¹.
753 1511 792 1575 In
808 1507 937 1576 milites
952 1507 1150 1595 imperium,
1165 1529 1358 1596 proconsu-

301 1626 424 1704 latum,
442 1623 611 1712 principis
630 1626 772 1692 senatus
796 1624 1021 1708 dignitatem,
1045 1624 1263 1693 tribunitiam
1287 1647 1358 1714 po-

301 1745 475 1823 testatem,
493 1761 665 1810 summum
680 1740 934 1828 pontificatum,
952 1741 1114 1808 censoria
1130 1761 1276 1810 munera
1291 1745 1375 1821 sub¹

300 1859 489 1946 praefectus
506 1876 641 1925 morum
657 1855 816 1937 nomine,
835 1855 987 1944 accepit,
1003 1876 1073 1924 non
1089 1859 1196 1925 semel
1211 1859 1272 1926 sed
1290 1879 1354 1926 va-

300 1974 363 2042 riis
380 1973 609 2061 temporibus,
628 1976 663 2040 et
679 1971 752 2040 alia
767 1971 801 2037 in
818 1981 1039 2059 perpetuum,
1056 1972 1129 2039 alia
1143 1974 1187 2039 ad
1205 1977 1356 2061 tempus.

301 2090 396 2159 Nihil
411 2091 453 2157 de
470 2089 546 2177 ejus
560 2108 760 2157 successore
775 2089 951 2156 decretum
967 2089 1099 2169 suerat,
1115 2090 1242 2157 nedum
1260 2092 1359 2160 here·

301 2206 393 2273 ditas
413 2203 631 2293 principatus
656 2204 846 2273 constituta
868 2208 977 2283 esset;
998 2224 1063 2271 nec
1086 2209 1211 2291 postea
1233 2207 1356 2275 eadem

301 2321 479 2391 hereditas
497 2320 688 2389 constituta
703 2324 773 2400 est;
792 2339 866 2388 mos
883 2324 999 2388 autem
1017 2322 1111 2408 apud
1123 2320 1358 2409 imperatores

300 2435 415 2524 viguit
428 2436 495 2506 sibi
506 2436 598 2504 filios
617 2437 672 2504 vel
691 2438 882 2518 naturales,
899 2438 954 2505 vel
971 2437 1158 2525 adoptivos
1172 2458 1237 2525 pro
1254 2443 1358 2526 parte

298 2553 465 2641 potestati
481 2573 556 2622 suae
571 2552 816 2631 consociandi;
834 2553 936 2641 cujus
950 2554 1220 2623 consociationis
1236 2575 1359 2623 exem-

298 2674 395 2760 plum
419 2671 495 2759 ipse
522 2672 700 2754 Augustus
725 2669 883 2738 dederat.
914 2671 998 2738 Cum
1014 2670 1214 2739 Hadrianus
1242 2671 1358 2740 Titum

299 2786 510 2856 Antoninum
528 2784 730 2871 adrogauit,
760 2785 818 2852 hic
843 2788 999 2853 Marcum
1017 2785 1168 2854 Annium
1184 2789 1355 2870 Verumt,

299 2904 412 2993 patris
433 2901 554 2970 uxoris
577 2921 651 2971 suae
677 2902 804 2984 tilium,
822 2905 857 2971 et
879 2902 1022 2969 Lucium
1041 2903 1288 2986 Commodum,
1313 2906 1354 2972 L.

299 3019 384 3091 Veri
401 3019 563 3101 Caesaris,
580 3017 765 3105 adoptavit
776 3019 801 3085 ³.
821 3018 1012 3104 Aliquanto
1035 3022 1116 3105 post
1132 3021 1264 3102 Marco,
1282 3019 1355 3088 tilio

335 3204 360 3260 l.
380 3201 566 3266 Quibusdam
580 3199 769 3256 solummodo
787 3198 906 3256 solutus
918 3200 976 3268 est,
987 3200 1023 3256 ut
1036 3214 1076 3256 ex
1089 3201 1356 3259 senatusconsulto

297 3288 428 3355 constat,
442 3301 501 3356 quo
515 3284 804 3355 Vespasianusjura
818 3283 948 3355 adeptus
964 3285 1013 3340 est
1023 3285 1090 3354 J'am
1110 3285 1203 3342 antea
1217 3288 1356 3356 Augusto

297 3373 477 3440 Tiberioque
498 3370 531 3427 et
552 3369 676 3426 claudio
697 3369 817 3425 tributa
833 3388 839 3424 z
857 3387 873 3423 ‹<
890 3370 1001 3439 Utique
1022 3371 1133 3441 quibus
1155 3371 1274 3439 legibus
1291 3373 1356 3444 ple-

298 3460 388 3517 beive
402 3456 489 3515 scitis
505 3454 653 3526 scriptum
668 3453 728 3508 tuit
743 3467 781 3509 ne
793 3457 826 3509 D.
838 3456 915 3524 Aug.
927 3455 992 3510 Tib.
1005 3458 1020 3511 J
1025 3498 1030 3510 .
1043 3457 1154 3512 caesar.
1165 3455 1268 3512 Claud.
1281 3461 1355 3515 caes.

298 3548 375 3616 Aug.
390 3543 580 3608 tenerentur,
596 3539 636 3596 iis
651 3538 770 3610 legibus
784 3538 923 3609 plebisve
939 3539 1025 3597 scitis
1035 3541 1110 3613 lmp.
1121 3542 1354 3614 t'aesanespas

298 3632 374 3700 Aug.
401 3627 521 3686 solutus
539 3625 591 3682 sit.
605 3641 622 3678 >›
638 3626 699 3680 Hoc
723 3623 860 3693 taliaque
887 3624 1154 3682 senatusconsulta
1175 3626 1241 3682 sine
1264 3626 1356 3682 dubio

298 3714 383 3771 illius
397 3714 486 3783 teau
500 3712 604 3781 Βορέω
616 3709 729 3766 fabulae
745 3709 895 3779 originem
911 3709 1036 3778 dedere,
1053 3725 1072 3766 a
1086 3710 1269 3782 posterioris
1281 3711 1355 3767 aeta-

296 3800 339 3857 tis
352 3797 555 3872 prudentibus
575 3795 719 3865 laudatae,
735 3809 796 3865 qua
809 3794 941 3866 populus
956 3811 972 3848 ‹<
987 3795 1119 3866 principi
1142 3804 1174 3852 et
1193 3796 1225 3852 in
1239 3797 1355 3868 princi·

296 3900 367 3957 pem
384 3897 473 3939 omne
493 3897 581 3938 suum
599 3881 761 3953 imperium
777 3881 809 3937 et
828 3880 1015 3953 potestatem
1030 3881 1222 3938 contulisset.
1239 3898 1255 3935 »
1271 3883 1313 3949 (L.
1330 3880 1354 3952 l,

297 3973 330 4026 D.
347 3971 390 4024 De
401 3967 662 4024 constitutionibus
670 3966 866 4035 principum,
883 3965 907 4036 l,
923 3964 962 4032 l.)

331 4052 359 4110 2.
379 4055 420 4110 De
429 4051 526 4108 variis
536 4050 631 4107 Marci
643 4051 789 4107 Antonini
804 4051 989 4120 nominibus,
1002 4050 1063 4106 vid.
1073 4050 1354 4121 Westenbergium,

295 4154 344 4210 op.
359 4140 421 4205 cit,
436 4152 466 4207 p.
478 4134 539 4194 3-6.

331 4222 358 4280 3.
379 4221 438 4280 Alii
456 4221 553 4278 a'l'ito
564 4219 716 4277 Antonino
727 4218 913 4293 Verumlnon
928 4220 1074 4290 tanquam
1088 4219 1199 4289 tilium,
1216 4220 1269 4277 sed
1283 4219 1353 4275 tan-

297 4323 386 4382 quam
408 4307 549 4380 nepotem
569 4322 586 4362 e
605 4307 708 4362 Marco
732 4306 838 4363 natum
858 4305 1038 4378 adoptatum
1058 4319 1125 4362 esse
1144 4305 1265 4378 putant.
1284 4305 1354 4362 vid.
