3128 4962
249 360 293 428 92
623 382 710 432 rans
734 384 933 435 eosraruoa.

249 506 419 574 interesse
439 509 553 575 utrum
584 506 615 575 is
638 511 836 577 curatorem
860 511 1008 588 babeat,
1032 530 1076 579 an
1097 515 1200 582 noni.
1222 515 1308 583 lude

250 625 400 711 apparet
422 625 606 692 verborum
633 623 820 711 Capitolini
839 628 936 722 xhunc
962 647 1038 696 esse
1064 647 1202 697 sensum
1228 634 1310 698 «ut

249 739 413 826 deinceps
430 759 473 807 ex
487 740 915 818 constitutionerlntonini
930 762 1050 812 omnes
1066 746 1309 815 adolescentes

249 856 552 925 indiscriminatim
580 861 762 926 curatores
784 859 944 948 accipere
966 867 1128 948 possent,
1159 864 1309 932 remissa

249 973 457 1048 necessitate
475 974 651 1059 allegandi
669 977 703 1042 et
718 976 888 1061 probandi
906 997 1032 1046 causas
1049 981 1093 1046 ob
1110 999 1198 1066 quas
1216 985 1310 1067 pete·

248 1094 381 1172 rentur,
400 1093 489 1177 quod
504 1091 670 1178 exigebat
686 1092 742 1160 lex
760 1093 975 1161 Laetoria2...
992 1120 1008 1156 ›>
1029 1095 1154 1162 Tribus
1167 1096 1308 1164 casibus

249 1209 422 1292 duntaxat
442 1207 593 1276 minores
610 1212 807 1278 curatorem
827 1210 987 1298 accipere
1009 1212 1089 1296 cogi
1113 1215 1273 1299 poterant
1298 1235 1306 1279 ι

249 1344 327 1392 cum
344 1323 439 1391 litem
460 1323 680 1392 intenderent
694 1326 748 1392 vel
765 1325 1008 1411 exciperent³;
1028 1326 1058 1392 si
1075 1327 1212 1394 debitor
1232 1327 1310 1394 vel-

248 1441 297 1507 let
320 1443 381 1507 aut
405 1443 591 1526 cogeretur
613 1441 738 1507 minori
762 1441 942 1518 solverem
973 1462 1050 1509 curn
1078 1443 1185 1528 isqui
1212 1447 1310 1510 tutor

249 1558 365 1624 fuerat
381 1557 553 1624 rationem
572 1557 885 1625 administrationis
904 1578 977 1626 suae
997 1559 1145 1626 reddere
1168 1557 1310 1628 deside-

250 1673 379 1740 rareu.
405 1711 445 1723 -
467 1675 625 1741 Ceterum
642 1677 775 1742 certum
791 1669 934 1742 estsine
950 1674 1172 1744 curatoribus
1190 1674 1308 1742 mino-

248 1808 305 1856 res
322 1786 477 1874 quotidie
498 1789 652 1856 rariores
674 1791 786 1857 tactos
805 1809 893 1868 esse,
915 1789 966 1857 ita
989 1795 1028 1858 ut
1047 1790 1217 1877 Ulpianus
1235 1810 1308 1858 non

178 1972 180 1980 ,
249 1905 357 1972 multo
379 1907 459 1991 post
487 1908 641 1972 Marcum
668 1906 846 1972 Aurelium
872 1907 1002 1974 dixerit
1029 1906 1225 1975 minoribus
1251 1908 1308 1972 vi-

248 2021 338 2106 ginti
351 2021 502 2107 quinque
515 2021 616 2089 annis
631 2022 682 2090 rei
695 2041 769 2090 suae
781 2022 1123 2090 administrationem
1136 2023 1309 2091 committi

248 2155 318 2203 non
339 2137 485 2217 debere,
509 2135 573 2202 etsi
596 2155 669 2202 rem
689 2156 788 2204 suam
809 2138 896 2204 bene
913 2139 1155 2222 gerentibus63
1176 2156 1306 2223 neque,

250 2254 344 2339 apud
365 2251 577 2321 recentiores
600 2254 751 2338 pupulos
774 2251 832 2339 qui
854 2251 937 2339 jure
959 2272 1105 2321 romano
1134 2253 1187 2320 usi
1211 2256 1306 2337 sunt,

249 2369 311 2436 ulli
329 2369 542 2437 adolescenti
560 2369 634 2436 sine
649 2375 812 2436 curatore
830 2389 905 2438 esse
923 2369 1032 2436 licuit.

293 2485 400 2553 Gaius
416 2488 564 2552 testatur
581 2505 646 2552 sua
658 2488 764 2552 aetate
778 2486 962 2552 mulierum
979 2486 1125 2553 tutelam
1143 2505 1212 2553 non
1230 2506 1309 2553 om-

248 2602 331 2669 niuo
343 2600 539 2680 evanuisse,
553 2601 614 2668 sed
629 2607 711 2668 tunc
727 2601 884 2687 quotidie
896 2600 1110 2668 inutiliorem
1122 2600 1212 2669 fleri.
1228 2603 1309 2688 lpse

248 2719 396 2786 Senatus
415 2735 492 2784 eam
509 2715 688 2784 infirmare
705 2735 773 2783 non
796 2715 1013 2784 dubitabat7.
1033 2716 1170 2784 iamdiu
1191 2714 1308 2784 omni-

247 2837 312 2903 bus
331 2833 483 2901 ludibrio
504 2832 566 2899 illa
582 2835 671 2900 erat.

291 2953 335 3018 ut
357 2951 400 3018 de
417 2949 498 3036 jure
520 2968 751 3037 personarum
776 2948 1043 3026 concludamus,
1069 2949 1238 3017 nonnulla
1262 2950 1307 3017 de
1358 2988 1362 2997 ·

247 3065 421 3133 alimentis
438 3065 593 3134 decrevit
608 3067 744 3133 Marcus
756 3064 769 3148 ,'
784 3067 819 3133 et
833 3064 993 3132 oratione
1008 3066 1044 3133 in
1063 3066 1192 3133 Senatu
1210 3064 1306 3132 reci-

285 3316 307 3371 l.
328 3316 358 3371 L.
376 3316 403 3377 3.
418 3317 448 3372 G.
464 3317 499 3380 J.,
515 3319 552 3370 de
566 3317 599 3370 io
611 3316 665 3371 int.
681 3317 789 3382 restit,
806 3313 832 3384 2,
848 3313 892 3370 22.

282 3400 307 3457 2.
329 3401 466 3470 vinnius,
482 3404 524 3456 ud
540 3401 651 3467 Instit,
665 3399 678 3464 S
690 3403 820 3468 suprad.
832 3402 901 3455 Haec
914 3399 1016 3470 opinio
1030 3398 1119 3454 hodie
1132 3413 1151 3454 a
1162 3397 1307 3470 pluribus

246 3487 438 3557 admittitur3
455 3486 516 3541 vid.
533 3485 686 3553 Accarias,
702 3488 757 3540 loc.
773 3487 823 3541 cit.

280 3570 306 3627 3.
327 3573 357 3628 L.
372 3570 399 3641 2,
416 3573 446 3628 c.
461 3573 497 3637 J.,
516 3572 573 3632 Qut
587 3572 644 3639 lep.
658 3585 742 3638 pers,
758 3573 859 3624 stand.
877 3569 1031 3638 injecta,
1047 3567 1075 3638 3,
1090 3566 1116 3622 b.

281 3655 306 3712 d.
328 3658 358 3712 L.
375 3657 400 3726 7,
417 3656 430 3722 S
445 3655 472 3719 2,
489 3657 533 3723 b,
549 3659 587 3712 de
601 3656 785 3722 Minoribus
800 3653 826 3718 b,
842 3652 868 3709 l.
1031 3685 1036 3694 ›

280 3740 307 3798 5.
328 3744 358 3797 L.
377 3742 403 3809 l,
426 3745 455 3797 c.
476 3744 512 3812 J.,
531 3743 588 3804 Qut
596 3745 659 3809 pet.
684 3745 747 3807 tut,
768 3737 800 3805 5,
816 3738 859 3795 31.
883 3739 935 3794 His
955 3737 1055 3794 tribus
1070 3737 1194 3793 casibus
1211 3737 1307 3792 semel

246 3827 336 3884 datus
355 3826 479 3882 curator
498 3841 592 3896 usque
614 3825 653 3882 ad
674 3826 795 3898 elapsos
816 3823 927 3892 viginti
943 3822 1077 3892 quinque
1092 3835 1188 3878 annos
1204 3821 1306 3878 oiflcio

245 3911 333 3982 fungi
350 3911 490 3967 debebat.
1227 3911 1231 3918 ‘

280 3995 306 4052 6.
327 3998 357 4052 L.
373 3997 397 4066 l,
412 3996 425 4062 S
438 3996 504 4064 ult,
518 3998 562 4063 D.,
576 3999 614 4051 cle
629 3997 715 4064 Min,
733 3993 758 4063 l,
775 3992 801 4050 l.

282 4083 307 4138 7.
328 4082 403 4150 Gai,
419 4082 441 4152 l,
460 4081 524 4152 1733
540 4082 619 4154 Ulp.,
635 4082 709 4150 lieo.
727 4081 776 4148 Xl,
791 4077 835 4134 22.
853 4076 1075 4133 Tantummodo
1086 4075 1169 4148 apud
1184 4075 1304 4132 liberti-

246 4167 448 4308 nas⁷tLeminas
462 4167 561 4223 tutela
576 4167 775 4239 patronorum
791 4165 926 4234 aliquam
941 4164 1005 4218 vim
1021 4162 1213 4220 servaverat.
1227 4162 1305 4233 dai,
1396 4205 1399 4212 .

247 4253 300 4326 l,l
339 4295 345 4309 .

321 4398 581 4528 A*
